3509 5267
479 307 483 311 ,
561 236 687 332 280
1250 249 1253 254 ·
1600 217 2097 313 Lycopocliaceae.

448 499 453 504 ‚
559 411 625 472 in
664 409 826 471 Lake
856 405 1148 490 Patridge
1186 407 1517 492 (Macoun).
1597 406 1931 472 Hibernia:
1978 408 2042 470 in
2090 408 2234 476 lacu
2276 408 2569 472 inferiore
2611 429 2809 516 prope
2841 412 3158 496 Killamey

573 512 965 596 (Schimper);
1033 514 1199 575 Locb
1244 516 1406 594 Bray
1449 514 1549 575 bei
1597 512 1828 575 Dublin
1871 510 2040 594 (Miss
2076 512 2422 597 Hutchins).
2506 514 2787 597 Belqien:
2850 501 3089 600 Etangs
3120 521 3154 579 a

562 616 715 679 fond
746 616 1178 679 sablonneux:
1218 618 1392 680 Genk
1428 635 1607 698 prov.
1645 597 1747 678 de
1758 616 2101 699 Limbourg
2144 617 2563 697 (Vandenborn
2597 619 2814 697 4862).
2903 620 3154 682 Gallia.-

567 720 819 784 4238-
830 717 1032 784 4300’
1065 739 1119 783 s.
1159 739 1243 782 m.
1298 720 1430 782 loca
1464 719 1717 782 natalia.
1773 720 1927 801 Dep.
1968 719 2047 783 de
2081 722 2349 799 Vienne;
2404 722 2559 803 Dep.
2611 719 2692 783 de
2735 722 2791 783 la
2826 724 3001 786 Loire
3038 723 3150 787 ins.

566 824 665 887 lac
697 821 778 885 de
811 821 1152 887 Grandlieu
1186 842 1382 906 prope
1415 825 1649 886 Nautes
1680 825 1817 886 sine
1848 824 1893 885 1.
1933 824 2187 886 lacustri
2232 823 2491 906 (Lloyd);
2528 826 2652 888 Lac
2681 823 2762 887 de
2793 827 2883 889 St.
2918 824 3159 889 Audeo!

565 925 726 991 dans
758 929 849 990 les
883 935 1079 990 mont.
1123 926 1204 990 de
1234 926 1531 992 l’Aubrac
1556 929 1716 1010 Dap.
1754 927 1921 990 dela
1955 929 2184 1010 Lozere
2226 925 2399 1011 (Gay)
2438 937 2501 991 et
2531 931 2653 991 Lao
2692 926 2774 992 de
2811 932 2987 1010 Bort;
3035 933 3162 993 Lac

564 1031 644 1094 de
676 1032 880 1114 Guery
904 1028 1108 1095 mont.
1148 1032 1346 1095 Dores
1377 1025 1532 1114 Dap.
1569 1030 1649 1094 de
1678 1022 2179 1115 Puy-de-Dome
2216 1032 2376 1115 (Gay
2405 1042 2472 1094 et
2504 1033 2734 1096 Durieu'
2767 1035 2978 1107 4864).
3032 1035 3161 1115 Py-

506 1153 510 1157 ·
566 1138 774 1198 renaei
809 1138 1033 1199 orient.
1083 1134 1309 1220 (Salve)
1341 1156 1354 1214 3
1393 1135 1653 1216 Vogesi:
1692 1136 1817 1197 Lac
1847 1135 1926 1197 de
1959 1137 2304 1217 Longemer
2343 1129 2662 1218 (Germ-dm
2711 1136 2935 1199 Italia.-
2989 1138 3158 1218 Lago

565 1229 761 1303 d‘orta
794 1239 1120 1302 Insubriae
1155 1258 1349 1320 prope
1380 1239 1637 1302 Bissone
1678 1237 2067 1322 (Franzom);
2125 1241 2282 1321 Lago
2325 1237 2637 1320 maggiore
2681 1239 2849 1304 iuter
2877 1241 3159 1318 Locarno
3193 1235 3196 1238 ’

565 1354 630 1407 et
659 1341 980 1425 Magadino
1020 1341 1125 1425 (De
1155 1344 1450 1422 Notaris).
1509 1343 2019 1425 Transsylvam‘a:
2056 1344 2372 1424 Mezoseg,
2409 1342 2505 1405 St.
2543 1343 2738 1425 lvany
2779 1340 3159 1426 (Baumqar-

567 1445 735 1529 ten).-
792 1447 965 1510 Silva
1003 1447 1242 1529 niqra:
1284 1447 1727 1510 Schluch-See
1775 1445 2217 1525 (Schildlcnecht
2268 1454 2330 1508 et
2390 1445 2588 1527 Thiry.
2650 1445 2877 1509 Octob.
2930 1447 3151 1526 4864);
3249 1482 3254 1487 -

566 1551 853 1614 Titi-See
895 1549 998 1633 (De
1028 1553 1203 1633 Bary
1250 1553 1353 1613 43.
1392 1549 1616 1613 Octob.
1661 1550 1889 1633 4864);
1936 1548 2255 1612 Feld-See
2291 1545 2385 1625 (A.
2424 1551 2680 1644 Braun.
2710 1547 2957 1633 August
2993 1552 3155 1612 4846

567 1664 632 1716 et
660 1654 935 1738 Spenner
964 1664 1029 1720 et
1058 1675 1118 1719 υ.
1156 1653 1379 1738 ΜοΙιὶ);
1432 1651 1848 1716 Groenlandia
1892 1651 2114 1737 (Valet).

608 1767 613 1768 ’
741 1759 983 1822 Crescit
1023 1761 1086 1821 in
1127 1758 1412 1822 America
1444 1756 1720 1835 boreali3
1771 1776 1926 1820 nam
1961 1759 2194 1822 IsoEtes
2232 1756 2482 1824 Braunii
2518 1759 2754 1822 Durieu
2782 1757 2874 1821 ab·
2895 1759 2942 1820 1.
2977 1757 3161 1820 echi-
3237 1799 3248 1804 ⁴

566 1881 834 1944 nospora
868 1862 1122 1925 nonnisi
1153 1859 1535 1925 stomatibus
1566 1861 1820 1924 diversa
1863 1871 1983 1924 est.

738 1967 1004 2030 Cormus
1036 1963 1356 2028 rarissime
1385 1964 1780 2056 trisulcat‘uS.
1858 1964 2022 2027 Folia
2058 1965 2164 2026 vix
2199 1964 2361 2027 ultra
2395 1966 2511 2045 50,
2549 1964 2802 2029 flexilia.
2882 1966 3162 2029 Cellulae

546 2055 711 2134 ⁸illae
742 2070 944 2135 flavae
976 2073 1366 2133 incrassatae
1397 2071 1718 2153 sporangii
1742 2071 1940 2133 series
1971 2068 2430 2132 transversales
2461 2068 2793 2132 efformant
2823 2070 2991 2132 inter
3019 2070 3160 2133 cel-

567 2173 730 2239 lulas
763 2194 884 2237 non
920 2176 1335 2251 incrassatas,
1364 2181 1611 2238 tenues.
1664 2173 1944 2237 Cellulae
1975 2175 2360 2236 incrassatae
2394 2173 2743 2255 elongatae,
2781 2174 3153 2258 polygonae,

567 2280 805 2343 lumine
836 2279 1319 2361 angustissimo,
1357 2278 1713 2360 complures
1747 2278 1948 2340 lineae
1988 2296 2204 2340 earum
2250 2295 2443 2339 unam
2476 2279 2708 2340 seriem
2740 2276 2933 2341 latam
2964 2279 3158 2340 effor-

569 2392 854 2462 mantes,
892 2383 1167 2464 primum
1201 2400 1234 2443 a
1270 2382 1351 2444 cl.
1387 2378 1460 2445 A.
1496 2384 1714 2445 Braun
1743 2383 2139 2444 observatae.

740 2486 955 2551 Planta
1006 2484 1087 2548 ad
1120 2483 1569 2549 Uddelermeer
1614 2484 1976 2550 Hollandiae
2020 2484 2283 2548 collecta
2334 2504 2460 2547 non
2506 2482 2585 2547 ad
2630 2487 2894 2552 Isoetem
2938 2485 3153 2566 ullam,

542 2589 682 2654 ⁴sed
722 2589 804 2653 ad
844 2594 1148 2654 Junceam
1183 2589 1463 2652 sterilem
1498 2591 1599 2653 vel
1636 2592 2059 2673 Cyperaceam
2093 2589 2400 2671 pertinet,
2451 2597 2612 2652 teste
2645 2590 2723 2653 cl.
2763 2591 3070 2673 Surinyar
3099 2598 3164 2651 et

563 2695 808 2777 Miquel.

739 2795 1099 2860 Secundum
1134 2769 1540 2878 quaestiones
1573 2816 1607 2859 a
1639 2798 1716 2859 cl.
1749 2794 1824 2860 A.
1863 2798 2079 2859 Braun
2120 2759 2446 2862 institutas
2476 2799 2711 2861 lsoeoes
2749 2797 3160 2879 echinospora
3277 2801 3283 2805 ’

565 2920 876 2990 europaea
935 2898 1141 2984 (etiam
1189 2899 1540 2985 lapponica)
1595 2899 1978 2965 stomatibus
2037 2902 2291 2964 omnino
2338 2898 2683 2981 destituta,
2746 2900 2896 2964 dum
2942 2901 3159 2983 planta

564 3006 952 3082 americana,
988 3004 1294 3068 islandica
1328 3012 1392 3066 et
1424 3002 1919 3085 groenlandica
1904 3007 1980 3069 nis
2012 3005 2266 3089 gaudet.

731 3109 820 3173 11.
866 3108 1112 3172 Isoetes
1142 3108 1502 3189 amphibiae
1532 3105 1604 3170 A.
1641 3110 1754 3169 Br.
1794 3110 1837 3171 Ι.
1875 3130 1930 3171 c.
1968 3129 2033 3191 p.
2074 3112 2220 3173 598.

732 3211 896 3275 Folia
928 3212 1174 3275 lacunis
1205 3212 1435 3293 amplis
1463 3211 1811 3290 instructa,
1851 3232 2116 3295 quarum
2149 3213 2355 3294 paries
2383 3221 2690 3275 externus
2722 3230 2758 3274 e
2790 3197 2955 3275 2—3
2989 3221 3164 3276 stra-

562 3319 644 3379 tis
674 3316 1044 3378 cellularum
1079 3317 1498 3398 componitur,
1542 3316 1919 3379 stomatibus
1951 3326 2014 3379 et
2047 3318 2082 3377 6
2116 3317 2435 3380 fasciculis
2467 3317 2718 3378 fibrosis
2749 3316 3165 3399 periphericis

565 3420 872 3504 praedita.
937 3418 1341 3503 Phyllopodia
1390 3420 1587 3483 nulla.
1647 3415 1978 3501 Phyllades
2024 3419 2237 3483 nullae
2279 3421 2325 3483 l.
2376 3422 2587 3482 minus
2616 3420 2929 3484 evolutae.
2992 3422 3168 3502 Spo-

563 3527 853 3607 rangium
904 3525 1042 3587 velo
1083 3525 1394 3606 complete
1436 3524 1482 3587 l.
1526 3525 1910 3606 incompleta
1951 3525 2269 3587 obtectum
2313 3524 2360 3587 l.
2399 3523 2606 3586 velum
2649 3544 2775 3588 non
2809 3526 3158 3588 evolutum.

561 3628 723 3693 Area
758 3609 1018 3692 latiorl.
1055 3630 1401 3722 angustior,
1440 3647 1474 3691 a
1493 3637 1687 3710 tergo
1718 3629 2039 3691 continua.
2110 3629 2377 3690 Dorsum
2422 3631 2691 3710 vaginae
2720 3628 2971 3693 laevel.
3011 3645 3167 3690 sca-

565 3732 983 3797 briusculum.
1048 3734 1366 3815 Vegetatio
1391 3732 1801 3797 submersal.
1838 3733 1991 3795 locis
2024 3714 2332 3809 humidis,
2370 3732 2800 3814 interruptal.
2838 3732 3162 3794 continua.

624 3850 628 3853 ⁴
734 3836 799 3898 4.
864 3841 922 3901 Ι.
957 3837 1179 3901 velata.
1217 3833 1292 3900 A.
1325 3840 1458 3900 Br-
1476 3838 1539 3898 in
1574 3835 1886 3917 Descript.
1925 3856 2017 3898 sc.
2067 3834 2341 3918 d’Alge'r.
2387 3835 2629 3922 (4848).
2663 3870 2749 3881 -
2799 3836 3167 3899 Gennariin

566 3941 917 4003 Comment.
954 3940 1126 4001 critt.
1161 3938 1298 4002 ital.
1336 3941 1449 4002 No.
1489 3939 1549 4001 2.
1594 3942 1644 4015 (4
1660 3937 1807 4023 864)
1847 3958 1913 4020 p.
1953 3942 2099 4002 403.
2134 3941 2285 4006 404.
2324 3973 2401 3987 -
2433 3935 2509 4003 A.
2536 3939 2803 4002 Braun
2783 3959 2848 4002 ln
2880 3942 3170 4003 Monats-

565 4044 702 4105 ber.
743 4042 872 4125 kgl.
905 4038 1112 4106 Akad.
1154 4042 1593 4106 Wissenschft.
1641 4042 1853 4128 (4863)
1890 4063 1956 4125 p.
1990 4043 2137 4107 602.

500 4187 505 4192 -
737 4148 889 4226 Syn.
954 4148 1000 4209 l.
1051 4143 1381 4228 decipiens
1422 4157 1485 4209 et
1525 4150 1572 4210 Ι.
1619 4147 2192 4229 longissimastory
2233 4156 2298 4209 et
2329 4148 2484 4210 Dur.
2523 4147 2611 4209 Pl.
2658 4146 2808 4209 sicc.
2846 4144 3049 4228 Alger.
3104 4154 3173 4209 et

567 4252 738 4312 Flora
777 4253 940 4314 4846
975 4271 1036 4334 p.
1079 4251 1226 4313 749.
1257 4286 1342 4298 --
1371 4255 1416 4315 I.
1450 4252 1865 4315 Grammontii
1893 4251 2056 4334 Bory
2092 4252 2278 4313 4844.
2311 4286 2388 4299 --
2425 4252 2468 4313 l.
2501 4259 2746 4314 setacea
2771 4252 2939 4332 Bory
2972 4251 3161 4312 4844.

561 4357 724 4416 -Ι.
774 4365 1019 4419 setacea
1054 4357 1271 4419 Bertol.
1319 4357 1406 4419 Fl.
1453 4355 1586 4419 ital.
1639 4376 1703 4438 p.
1756 4357 1905 4419 445.
1959 4355 2199 4440 (Planta
2234 4353 2476 4436 Pulae).
2530 4387 2605 4401 -
2649 4355 2695 4416 1.
2745 4354 3049 4435 palustris
3096 4373 3161 4414 v.

562 4469 810 4522 setacea
844 4462 910 4521 F.
946 4460 1190 4523 Mu‘ller.
1230 4462 1303 4523 U.
1331 4461 1373 4522 i.

738 4563 991 4627 carmus
1024 4563 1417 4645 longitudine
1440 4572 1514 4626 et
1546 4563 1881 4627 latitudine
1912 4564 2285 4648 subaequali
2318 4563 2594 4644 trilobus,
2631 4559 2758 4625 lobi
2786 4560 2977 4624 sulcis
3008 4577 3172 4640 pro-

559 4666 793 4735 fundis
812 4666 1094 4731 discreti.
1159 4670 1396 4733 Bulbus
1430 4670 1648 4750 laxus,
1700 4670 1908 4733 rarius
1940 4669 2136 4751 magis
2166 4678 2569 4752 compactus,
2606 4665 2760 4747 folia
2802 4662 3169 4728 atroviridia

564 4773 683 4837 late
735 4779 794 4835 et
844 4772 1013 4857 lonyc
1063 4771 1768 4837 membranaceo-alata
1820 4773 2498 4838 lanceolam-linearia
2552 4770 2853 4837 subulata
2908 4767 3170 4834 flaccida
