3509 5267
552 223 635 286 42
1262 239 1267 243 ·
1354 297 1374 314 x
1647 228 2054 303 Polypodieae.

544 398 637 482 ita
671 404 743 458 ut
773 404 1171 477 segmentum
1203 395 1571 477 primarium
1604 396 1892 457 infimum
1925 414 1959 456 e
1990 396 2332 478 segmentis
2362 397 2394 457 4
2421 395 2684 478 singulis
2717 393 2948 480 (tribus
2974 398 3146 461 late-

553 500 793 561 ralibus
825 507 888 561 et
919 518 1045 563 uno
1077 496 1413 581 terminali)
1454 499 1867 579 compositum
1902 507 2226 580 appareat.
2337 500 2404 561 In
2443 497 2898 579 speciminibus
2925 502 3145 581 persi—

551 606 643 665 cis
686 612 1081 684 segmentum
1124 603 1569 667 secundarium
1611 601 1752 665 basi
1798 601 2091 665 inferiore
2128 604 2315 664 etiam
2361 613 2680 685 segmento
2717 604 3001 666 tertiario
3032 606 3142 666 in—

552 715 864 770 structum
915 707 1161 789 inveni,
1225 716 1300 771 ut
1341 713 1732 789 segmentum
1778 706 1823 766 1.
1864 708 1937 768 Ο.
1988 705 2274 768 infimum
2325 726 2359 768 e
2405 709 2444 768 ὃ
2490 708 2834 789 segmentis
2880 709 3147 790 singulis

554 820 1059 893 componeretur.

725 917 1134 996 segmentum
1177 914 1544 997 primarium
1594 912 1879 975 infimum
1924 912 2297 994 bipartitum
2343 931 2484 977 esse
2532 914 2718 995 solet,
2771 917 2976 978 rarius
3017 912 3144 977 duo
3216 951 3222 956 ·

555 1022 731 1101 paria
762 1020 1119 1083 infimorum
1153 1026 1614 1101 segmentorum
1648 1018 2088 1079 inveniuntur.
2909 1021 2921 1038 ⁵

726 1124 1083 1205 specimina
1116 1124 1437 1203 nilagirica
1469 1140 1504 1183 e
1535 1123 1881 1202 segmentis
1918 1126 1954 1186 5
1993 1122 2160 1205 jugis
2196 1122 2239 1183 Ι.
2280 1122 2356 1184 Ο.
2392 1124 2734 1204 composita
2768 1122 2923 1204 vidi,
2975 1142 3148 1204 quo-

557 1246 695 1288 rum
744 1228 779 1289 4
813 1227 961 1310 juga
1006 1219 1473 1309 segmeniorum
1518 1226 1884 1288 inferiorum
1929 1236 2254 1306 segmento
2299 1226 2676 1290 secundario
2722 1227 2998 1289 solitario
3033 1228 3147 1288 in-

555 1339 796 1393 structa
831 1340 1034 1394 erant.
1118 1331 1471 1411 Specimina
1520 1328 1705 1392 Asiae
1749 1330 2012 1391 minoris
2059 1330 2286 1393 subtus
2328 1331 2395 1392 in
2437 1331 2664 1393 lamina
2710 1331 2872 1412 pilos
2916 1330 3147 1392 breves

555 1432 932 1514 cylindricos
963 1433 1086 1496 bi·-
1101 1434 1517 1497 tricellulares
1552 1432 1900 1496 habebant.

726 1540 964 1619 Sporae
994 1538 1232 1615 fuscae,
1262 1538 1497 1615 laeves;
1536 1538 1598 1598 in
1623 1538 1853 1619 petiolo
1877 1537 2157 1601 fasciculi
2191 1537 2316 1601 duo
2347 1539 2597 1622 oblongi
2629 1541 2669 1601 l.
2703 1540 3142 1602 semilunares.

727 1641 792 1705 4.
841 1641 913 1705 P.
950 1643 1368 1721 melanolepis
1404 1641 1602 1703 milda.

725 1747 877 1825 Syn.
942 1746 1295 1828 Onychium
1329 1745 1738 1828 melanolepis
1771 1747 1988 1808 Kunze
2005 1747 2266 1808 Farnkr.
2297 1745 2485 1808 color.
2509 1745 2765 1809 Abbild.
2819 1747 3038 1827 Suppl.
3070 1748 3141 1807 ll.

554 1870 614 1930 p.
641 1854 700 1911 9.
752 1849 796 1929 (4
817 1846 989 1931 848.)
1031 1883 1109 1896 -
1147 1848 1384 1913 Hoolcer
1415 1850 1525 1930 Sp.
1560 1849 1671 1911 Fil.
1712 1850 1782 1934 ῌ.
1828 1847 2064 1931 (4858.)
2108 1869 2173 1929 p.
2207 1831 2349 1912 424.
2385 1884 2473 1898 ---·
2505 1850 2827 1914 Allosorus
2858 1849 3147 1912 melano-

555 1955 716 2033 lepis
745 1955 1054 2030 ,Dec-aisne
1094 1954 1293 2032 plant.
1341 1951 1421 2015 de
1452 1951 1702 2014 l'Arabe
1742 1954 1923 2013 heur.
1987 1949 2242 2015 Archiv.
2289 1951 2377 2015 du
2419 1973 2584 2016 mus.
2637 1957 2710 2017 Π.
2759 1974 2823 2035 p.
2867 1955 3009 2014 489.
3060 1988 3150 2000 -

555 2057 945 2139 Kirschleyer
975 2057 1040 2117 in
1071 2056 1246 2118 Flora
1282 2058 1469 2118 4846.
1505 2057 1550 2118 1.
1587 2075 1651 2136 p.
1675 2057 1820 2118 303.
1866 2089 1943 2101 --
1996 2053 2071 2119 A.
2110 2056 2482 2137 cuspidatus
2514 2057 2756 2122 Hockst.
2791 2056 3053 2121 Jaubert
3084 2062 3150 2118 et

553 2159 757 2241 Spacb
802 2159 1031 2221 illustr.
1084 2160 1280 2241 plant.
1331 2161 1556 2222 orient.
1606 2157 1760 2221 fasc.
1798 2159 1904 2220 24.
1957 2160 2052 2222 ΙΙΙ.
2104 2179 2169 2241 p.
2211 2161 2267 2222 4.
2319 2170 2367 2223 t.
2405 2163 2551 2225 204.
2597 2193 2687 2209 --·
2745 2161 3150 2225 Cheilanthes

555 2262 937 2345 leptophylla
970 2265 1037 2324 R.
1081 2263 1187 2323 Br.
1226 2264 1290 2323 in
1323 2262 1512 2326 Salt's
1543 2261 1886 2345 Abyssinia
1918 2261 2078 2344 App.
2116 2264 2214 2326 lv.
2262 2283 2328 2345 p.
2365 2267 2538 2329 LXV.

728 2366 1020 2429 Rhizoma
1053 2367 1410 2448 elongatum
1445 2386 1674 2449 repens
1719 2365 1917 2430 dense
1950 2365 2146 2447 paleis
2178 2369 2501 2449 appressis
2532 2367 2751 2451 rigidis
2784 2368 3148 2430 lanceolatis

556 2471 756 2552 nigris
787 2469 1366 2550 ssavo-marginatis
1400 2473 1736 2549 vestitum;
1785 2469 1940 2553 folia
1967 2467 2029 2556 ξ’
2064 2470 2190 2534 alta
2222 2480 2286 2533 et
2318 2472 2643 2535 humiliora
2686 2475 2897 2535 tenuia
2932 2470 3150 2553 glabra

555 2574 724 2658 lonye
746 2574 1042 2657 petiolata
1063 2574 1304 2655 pallida
1319 2596 1342 2654 ;
1386 2575 1645 2658 petiolas
1680 2574 1917 2648 lamina
1950 2573 2186 2655 longior
2227 2576 2268 2637 l.
2306 2576 2565 2656 paulum
2597 2575 2853 2640 brevior
2883 2574 3152 2639 strami-

553 2697 714 2740 neus
748 2676 976 2739 debilis
1008 2677 1071 2738 in
1099 2684 1305 2740 ventre
1349 2686 1408 2741 et
1450 2677 1534 2740 ad
1579 2678 1781 2742 latera
1808 2675 2100 2757 ευῖοαεαε,
2152 2677 2383 2742 lamina
2412 2678 3149 2743 tenui-membranacea

462 2776 466 2780 ’
554 2779 870 2862 pellucida
916 2780 1042 2841 late
1085 2789 1288 2860 ovata,
1343 2780 2048 2861 breviter-acuminata,
2111 2783 3150 2866 tripinnatisecta-supradecompo-

551 2885 689 2963 sita,
731 2893 1051 2964 segmenta
1082 2884 1405 2965 primaria,
1443 2884 1841 2966 secundaria,
1881 2886 2163 2948 tertiaria
2189 2885 2502 2948 interdum
2529 2889 2720 2950 etiam
2744 2886 3148 2969 quaternaria

556 2988 876 3069 petiolata,
915 2989 1149 3052 sterilia
1178 2991 1395 3053 ultima
1426 2989 1938 3074 tri-quinquefida
1970 2988 2011 3051 l.
2050 2990 2261 3067 meisa,
2301 2990 2605 3072 lacinulae
2637 2990 3150 3054 lineali-lanceo-

555 3090 715 3154 latae
747 3100 985 3171 acutae,
1021 3096 1294 3163 nervatz’o
1331 3092 1815 3175 CaenopteridiS,
1801 3112 1814 3125 ·
1852 3092 2153 3157 lacinulae
2179 3094 2409 3176 fertiles
2440 3094 3141 3179 oblonqo-acuminatae,

552 3196 826 3258 nervatzo
863 3196 1294 3278 Ctenopteridis
1325 3197 1571 3259 indusio
1613 3197 1830 3278 spuria
1874 3197 2084 3260 lateris
2125 3199 2443 3281 utriusque
2483 3196 2563 3260 ad
2597 3198 2901 3264 costulam
2932 3198 3151 3260 conni-

550 3300 752 3361 ventia
783 3296 1019 3380 pallida
1050 3299 1315 3380 dentata,
1356 3301 1482 3362 sori
1513 3301 1689 3382 apice
1720 3310 1984 3381 excepto
2016 3302 2317 3363 continui.

725 3403 974 3467 Exsicc.
1055 3401 1157 3465 Th.
1194 3404 1447 3487 Kotscky
1495 3405 1579 3467 Pl.
1629 3406 1801 3467 Pers.
1852 3413 2050 3467 austr.
2095 3405 2205 3467 No.
2249 3409 2350 3468 40.
2392 3408 2534 3468 498.
2585 3439 2664 3451 -
2727 3400 2964 3467 Aucker
3004 3404 3153 3485 Eloy

552 3506 638 3586 pl.
678 3508 908 3570 exsicc.
954 3508 1069 3578 No.
1110 3510 1275 3571 5488
1316 3508 1557 3594 (4488).
1597 3543 1675 3556 --
1719 3508 2035 3592 Schimper
2066 3510 2150 3572 Pl.
2188 3507 2490 3592 Abyssin.
2542 3510 2652 3572 No.
2695 3510 2882 3570 4672.

722 3612 901 3677 Icon.
979 3616 1187 3676 Kunze
1215 3614 1544 3679 1.3.Τ.31)
1586 3615 1729 3678 404.
1771 3614 1874 3695 fig.
1899 3615 1963 3676 2.
2002 3648 2080 3659 -
2111 3614 2366 3677 laubert
2395 3622 2456 3675 et
2488 3612 2713 3695 Spach.
2751 3611 2794 3673 l.
2825 3631 2883 3672 c.
2913 3619 2961 3672 t.
2994 3613 3105 3675 204
3128 3658 3142 3672 .

723 3715 888 3780 nab.
966 3716 1219 3795 Arabia,
1257 3717 1543 3780 Yemen
1527 3738 1593 3780 111
1626 3726 1841 3779 monte
1873 3717 2074 3779 Saber
2114 3716 2204 3801 (P.
2240 3720 2313 3778 E.
2351 3719 2529 3781 Botta
2562 3713 2776 3797 4836).
2820 3750 2898 3760 -
2940 3711 3145 3778 Persia

552 3817 777 3881 merid.
829 3821 894 3881 in
942 3820 1210 3900 rupibus
1257 3819 1622 3883 Pire-Zend
1665 3822 1833 3884 inter
1875 3822 2131 3883 Schiras
2181 3828 2245 3883 et
2286 3823 2604 3885 Kazeroun
2667 3816 3150 3902 (Aucker-Eloy

557 3920 776 4005 4838).
818 3953 897 3969 -·-
940 3924 1010 3985 In
1055 3926 1376 4006 speluncis
1416 3926 1538 3988 inS.
1577 3927 1782 3988 Karek
1813 3926 1879 3986 in
1909 3926 2066 3987 Sinu
2099 3924 2345 3988 Persico
2390 3932 2453 3987 et
2495 3924 2559 3987 in
2599 3919 2919 3986 umbrosis
2952 3941 3149 4005 prope

557 4027 805 4088 Daleclii
845 4026 1172 4111 (Kotscky).
1216 4061 1294 4074 -
1338 4029 1675 4112 Abyssinia
1717 4026 2101 4111 (Schimper).

726 4133 788 4193 ln
821 4131 1053 4213 petiole
1085 4132 1425 4196 fasciculus
1456 4134 1755 4196 centralis
1788 4133 2017 4195 obtuse
2062 4140 2461 4214 tetragonus3
2511 4130 2733 4194 raches
2777 4091 3144 4213 depressae,

551 4237 865 4316 sulcatae,
925 4238 1104 4299 nervi
1149 4236 1270 4299 sub
1316 4240 1495 4318 apice
1526 4238 1834 4300 lacinulae
1866 4233 2232 4300 desinentes
2265 4253 2395 4298 non
2438 4236 2799 4311 incrassati;
2858 4234 3152 4296 lacinulis

551 4341 982 4422 compluribus
1029 4342 1494 4405 confluentibus
1538 4344 1735 4404 oritur
1773 4339 2043 4402 lacinula
2090 4339 2337 4421 fertilis,
2408 4359 2675 4423 quarum
2718 4339 2900 4400 nervi
2944 4337 3149 4400 ‘ultimi

551 4445 589 4503 2
627 4478 707 4489 -
738 4444 818 4506 ad
851 4464 1168 4509 summum
1200 4447 1437 4527 trijugi,
1490 4445 1903 4522 alternanteS,
1958 4445 2099 4506 laxe
2127 4444 2421 4526 dispositi
2458 4459 2610 4505 arcu
2646 4441 3149 4522 intramarginali

550 4548 719 4609 inter
760 4565 829 4611 se
873 4552 1361 4633 conjunguntur.
1436 4547 1615 4611 Hunc
1647 4567 1864 4611 arcum
1898 4548 2023 4610 sori
2056 4555 2389 4631 occupant,
2445 4544 2697 4608 indusio
2729 4546 2948 4626 spurio
2980 4544 3153 4608 den-

555 4661 686 4713 tato
732 4652 1028 4734 obvelati,
1080 4674 1244 4735 apex
1296 4654 1606 4717 lacinulae
1651 4671 1905 4739 semper
1935 4651 2190 4716 sterilis.
2274 4653 2625 4735 Sporangia
2659 4667 2887 4732 parca,
2926 4667 3152 4732 sperae

553 4754 1275 4843 tetraedro—globosae„
