3509 5267
549 217 674 301 164
1649 220 2049 312 Ᾰερίἃίεοοαὸ.

543 407 1005 487 vestientibus,
1056 402 1313 470 demum
1359 406 1830 472 confluentibus
1873 405 2113 490 (relicto
2141 415 2354 470 tamen
2386 407 2555 470 inter
2576 389 2940 490 ‘utrumque
2971 421 3157 470 mar-—

545 514 755 596 ginem
788 510 1126 575 intervallo
1152 508 1355 572 libero
1387 512 1572 574 seriel
1604 529 1888 575 sororum
1922 512 2319 592 aequilato.“
2355 543 2437 556 -
2481 507 2606 573 Sed
2639 510 2755 573 hae
2786 518 2974 574 notae
3005 530 3155 573 om-

546 636 659 679 nes
690 616 875 679 etiam
909 616 974 676 in
1006 614 1107 677 W.
1143 614 1533 695 hyperborea
1578 613 2015 679 observandae
2059 623 2245 694 sunt,
2295 616 2350 677 si
2381 634 2462 677 ex
2492 614 2646 677 locis
2679 613 2949 678 diversis
2983 616 3150 679 Ger-

547 721 794 799 maniae
824 719 1170 800 specimina
1201 736 1567 800 comparare
1602 718 1783 781 velis.
1850 719 1945 781 Cl.
1985 718 2421 782 Maoeimowicz
2450 717 2647 781 dubie
2677 718 2760 782 ad
2790 715 3150 781 Woodsiam

542 821 988 889 subcordatam
1033 821 1302 885 formam
1349 823 1647 903 majorem
1680 822 1964 886 adducit.
2029 821 2363 886 Affirmare
2405 841 2701 904 possum,
2750 842 2853 885 me
2894 822 3151 886 omnino

543 925 809 990 eandem
842 928 1119 1011 plantam
1153 944 1188 988 e
1221 926 1545 990 Carinthia
1592 944 1788 1008 prope
1820 927 2243 1010 Heiligenblut
2284 927 2609 990 collectam
2650 917 2911 991 vidisse.
2980 928 3152 989 Hanc

542 1033 824 1115 plantam
861 1028 990 1094 vidi
1023 1028 1104 1094 7''
1148 1031 1394 1113 longam
1431 1026 1572 1093 ⁴3'''
1605 1031 1834 1111 latam,
1882 1039 1948 1094 et
1988 1031 2144 1094 haec
2175 1047 2394 1094 revera
2429 1030 2719 1094 Woodsia
2752 1031 3147 1113 hyperborea

546 1146 721 1201 statu
770 1135 1162 1200 transitionis
1209 1136 1277 1199 in
1324 1132 1680 1198 Woodsiam
1727 1134 2042 1199 ilvensem
2085 1146 2219 1217 est,
2279 1153 2317 1197 a
2353 1153 2479 1218 qua
2521 1137 2893 1217 praesertim
2939 1137 3152 1198 vesti-

549 1251 756 1334 mento
799 1241 1088 1321 parciore
1128 1250 1194 1304 et
1235 1240 1483 1303 laciniis
1530 1239 1860 1304 latioribus
1906 1238 2140 1303 differt.
2206 1242 2542 1321 segmenta
2591 1237 3141 1319 ovato-oblonga,

546 1346 670 1407 late
700 1343 927 1407 obtusa
972 1341 1383 1426 pinnatifida‚
1430 1343 1692 1406 laciniae
1724 1341 2084 1426 contiguae,
2140 1347 2304 1407 5—6
2331 1344 2519 1424 J'ugae
2550 1343 3142 1438 subintegerrimae.

550 1446 880 1512 Woodsiae
933 1446 1351 1511 subcordatae
1403 1447 1747 1528 specimina
1802 1465 2138 1511 numerosa
2192 1467 2275 1510 ex
2328 1447 2621 1510 omnibus
2664 1448 2817 1511 locis
2859 1443 3012 1509 vidi.
3064 1481 3147 1493 --

551 1554 842 1616 Ceterum
889 1549 1115 1614 iisdem
1157 1551 1310 1614 locis
1354 1552 1752 1615 Manchuriae
1796 1569 2050 1634 quoque
2081 1549 2411 1615 Woodsiae
2453 1537 2712 1615 ilvensis
2756 1551 2951 1613 forma
2996 1541 3150 1611 vulss

548 1657 715 1737 garis
759 1656 1005 1719 crescit.
1083 1654 1179 1719 Ad
1222 1675 1364 1738 cap.
1414 1656 1747 1719 Khachzoll
1781 1656 2178 1718 Manchuriae
2224 1657 2306 1718 cl.
2346 1653 2576 1720 Maack'
2608 1645 2952 1738 specimina
3000 1673 3146 1716 cum

551 1759 839 1823 Woodsia
882 1758 1262 1824 subcordata
1303 1761 1652 1823 crescentia
1713 1762 1892 1843 legit,
1956 1778 2121 1843 quae
2165 1760 2498 1825 manifeste
2556 1762 2890 1822 transitum
2934 1760 3000 1820 in
3042 1760 3144 1820 W.

550 1864 853 1928 ilvensem
899 1864 1288 1945 significant;
1339 1884 1484 1927 nam
1516 1876 1840 1946 segmenta
1889 1864 2022 1927 basi
2056 1863 2439 1929 subcordata
2476 1861 2576 1928 5'''
2609 1864 2832 1945 longa‘,
2887 1859 2991 1924 4m
3023 1862 3147 1923 lata

441 2023 460 2044 ,
547 1978 758 2030 tamen
787 1967 1050 2031 lacinias
1080 1977 1370 2031 crenatas
1406 1970 1441 2029 4
1466 1970 1649 2050 jugas
1681 1968 2034 2051 possident.

720 2068 819 2135 Ad
849 2071 1209 2135 Woodsiam
1240 2072 1700 2156 hyperboream
1732 2075 1804 2134 R.
1832 2075 1941 2135 Br.
1981 2080 2194 2135 autem
2225 2091 2345 2136 non
2376 2041 2652 2155 pertinet
2681 2072 2781 2134 W.
2818 2071 3147 2133 mexicana

547 2177 700 2242 Fee
682 2195 748 2238 in
773 2177 956 2238 Mem.
996 2178 1135 2241 Soc.
1173 2179 1406 2239 scienc.
1443 2186 1575 2241 nat.
1607 2176 2012 2259 Strasbourg.
2043 2178 2111 2239 T.
2140 2179 2214 2240 V.
2253 2176 2301 2261 (⁴
2319 2178 2462 2256 858)
2503 2197 2571 2259 p.
2612 2179 2713 2239 66.
2744 2177 2896 2240 Tab.
2930 2176 3140 2237 xxvi.

547 2281 651 2363 fig.
687 2281 792 2360 34,
832 2280 1087 2344 collecta
1121 2299 1155 2344 a
1188 2280 1271 2343 cl.
1307 2279 1631 2361 Schaffner
1660 2282 1723 2343 in
1750 2281 2074 2363 republica
2097 2283 2450 2344 mexicana.
2501 2282 2671 2344 Haec
2700 2283 2866 2343 enim
2900 2281 3152 2361 species

546 2384 630 2448 ad
659 2386 1002 2448 sectionem
1046 2386 1385 2447 Perriniam
1429 2383 1824 2448 numeranda
1867 2397 1968 2450 est
2008 2384 2090 2449 ob
2134 2385 2437 2467 petiolum
2480 2404 2609 2447 non
2649 2385 3053 2448 articulatum
3085 2390 3150 2446 et

548 2489 628 2551 ob
682 2488 990 2551 fabricam
1044 2486 1301 2553 indusii.
1383 2490 1853 2571 Speciminibus
1905 2489 2323 2572 originalibus
2374 2490 2752 2553 examinatis
2805 2486 3140 2567 contendo,

547 2594 709 2656 hanc
739 2594 1017 2673 speciem
1043 2610 1123 2672 a,
1136 2590 1457 2669 ,Woodsia
1489 2595 1887 2656 canescens“
1920 2593 2215 2676 specifice
2237 2594 2494 2655 minime
2526 2592 2823 2657 differre.
2853 2589 3147 2657 Ceterum

547 2698 762 2778 planta
795 2714 921 2758 non
953 2693 1173 2775 glabra
1205 2703 1326 2776 est,
1365 2701 1478 2757 sed
1508 2696 1773 2760 laciniae
1805 2698 2089 2780 margine
2117 2700 2181 2761 in
2204 2699 2366 2781 pilos
2389 2699 2757 2763 articulatos
2788 2695 3047 2778 exeunt,
3085 2704 3150 2758 et

550 2801 755 2863 rachis
781 2795 1096 2881 glandulis
1128 2796 1492 2881 cylindricis
1521 2798 1731 2864 obsita
1760 2809 1876 2864 est.

721 2904 940 2967 Planta
971 2910 1180 2965 aetate
1200 2902 1331 2982 jam
1365 2915 1661 2986 provecta
1692 2915 1817 2988 est,
1869 2907 2089 2990 itaque
2117 2891 2440 2971 indusium
2473 2904 2785 2989 profunde
2816 2906 3140 2988 partitum.

553 3009 644 3072 Cl.
684 3008 942 3071 Kunze
927 3025 990 3068 in
1023 3024 1211 3088 opere
1242 3025 1358 3070 suo
1390 3010 1651 3074 Farnkr.
1687 3011 1754 3073 in
1786 3010 1977 3073 color.
2011 3008 2402 3094 Abbildung.
2467 3013 2539 3075 Τ.
2567 3011 2812 3075 XXXV.
2855 3029 2998 3091 pag.
3037 3008 3143 3090 7⁴,

553 3115 713 3175 hanc
743 3111 1051 3194 plantam,
1089 3129 1253 3191 quae
1286 3121 1451 3175 teste
1475 3115 1751 3177 Menenio
1772 3113 2066 3178 Woodsia
2093 3122 2213 3194 est,
2250 3114 2374 3177 sub
2404 3116 2658 3177 nomine
2686 3113 3156 3197 „Cheilantbes

549 3233 896 3279 canescens
929 3216 1139 3277 Kze.“
1186 3212 1550 3296 descripsit.
1589 3220 1748 3280 Loco
1780 3220 1972 3281 citato
2004 3219 2082 3281 cl.
2120 3221 2234 3282 Fae
2263 3213 2540 3297 dubitat,
2585 3238 2736 3280 num
2770 3215 3159 3314 illud-orga-

552 3338 741 3398 num,
793 3316 960 3399 quod
1009 3315 1179 3399 apud
1232 3338 1413 3405 veras
1445 3318 1773 3384 Woodsias
1817 3324 2140 3387 indusium
2185 3322 2505 3404 appellare
2549 3324 2858 3403 solemne,
2926 3338 3154 3383 revera

456 3465 463 3476 ·
551 3423 876 3487 indusium
905 3423 1009 3485 sit.
1063 3423 1249 3487 Certo
1282 3421 1442 3486 illud
1470 3443 1779 3505 organum
1812 3427 2132 3490 indusium
2172 3437 2303 3503 est;
2356 3445 2500 3488 nam
2535 3445 2753 3488 revera
2783 3425 3153 3488 membrana

551 3548 692 3595 sero
725 3527 1052 3591 substrata
1098 3537 1195 3590 est
1222 3538 1287 3592 et
1316 3527 1476 3591 illud
1521 3532 1724 3593 solum
1767 3532 2178 3610 inusitatum,
2232 3530 2404 3614 quod
2436 3527 2591 3592 haec
2621 3529 2986 3594 membrana
3018 3540 3152 3591 tam

555 3630 864 3714 profunde
894 3633 1126 3713 partita
1159 3640 1279 3695 est.
1342 3633 1635 3697 Woodsia
1665 3637 1988 3699 mexicana
2023 3635 2276 3698 indusio
2307 3627 2518 3698 minus
2549 3636 2783 3716 partito
2816 3635 3157 3697 transitum

551 3735 632 3800 ad
663 3737 1002 3798 Perriniam
1036 3734 1219 3798 Hook.
1260 3738 1591 3817 significat.
1660 3740 1953 3803 Ceterum
1997 3741 2188 3801 etiam
2232 3739 2297 3800 in
2345 3739 2488 3801 aliis
2534 3739 2875 3819 generibus
2904 3739 3155 3819 species

551 3839 997 3918 inveniuntur,
1045 3857 1314 3920 quarum
1362 3837 1611 3904 indusia
1643 3861 1820 3906 soros
1852 3844 2158 3906 citissime
2187 3841 2394 3905 nudos
2433 3844 2804 3925 relinquunt
2847 3851 2919 3904 ut
2950 3841 3154 3922 Aspi-

551 3942 726 4006 dium
775 3951 1171 4005 montanum.
1237 3944 1462 4006 Contra
1493 3954 1787 4010 naturam
1834 3949 2025 4029 igitur
2066 3963 2525 4098 pugnaremus,
2578 3948 2632 4010 si
2664 3945 3048 4010 Woodsiam
3067 3943 3155 4007 ad

503 4033 516 4048 ⁸
555 4046 965 4132 Polypodieas
997 4044 1471 4111 collocaremus.

726 4149 1131 4234 polypodium
1164 4150 1624 4233 hyperboreum
1660 4153 1838 4217 herb.
1874 4154 2080 4222 Willd.
2111 4157 2219 4220 No.
2249 4156 2456 4221 49692
2489 4156 2908 4237 compositum
2941 4160 3039 4216 est
3070 4172 3155 4215 ex

549 4256 843 4339 Asplenio
868 4256 1211 4319 lanceolato
1227 4256 1425 4321 Huds.
1456 4257 1565 4320 fol.
1596 4260 1655 4320 l.
1680 4277 1813 4337 ;ex
1837 4259 2129 4325 Woodsia
2154 4249 2423 4343 glabella
2448 4258 2555 4324 fol.
2584 4262 2676 4341 2.,
2707 4268 2772 4322 et
2794 4261 2990 4322 exW.
3014 4257 3156 4338 hy·-

550 4362 880 4442 perborea.
916 4360 961 4424 f.
999 4380 1056 4424 s.
1091 4381 1150 4424 o.

1628 4540 1704 4604 B.
1738 4539 2064 4605 nonnula.

720 4656 873 4738 Syn.
920 4601 1589 4723 Woodsiailvensisll.
1611 4660 1722 4721 Br.
1746 4662 1969 4723 Trans.
2000 4660 2178 4723 Linn.
2209 4660 2352 4724 Soc.
2370 4661 2472 4723 XI.
2506 4659 2657 4723 ⁴73.
2686 4660 2889 4722 mW.
2919 4656 3157 4719 Baiana

544 4758 778 4824 Newm.
811 4763 874 4823 F.
916 4762 1062 4823 ⁴40.
1092 4794 1165 4806 -
1201 4762 1300 4823 W.
1339 4762 1626 4841 paleacea
1657 4763 1833 4846 Opiz.
1868 4799 1946 4812 --
1980 4762 2329 4828 Presliaid.
2357 4762 2879 4848 -Polypodium
2902 4761 3150 4824 ilvense
