3509 5267
569 282 696 364 168
1666 285 2067 360 Aspidiaeeae.

739 456 908 521 Hah.
977 456 1099 535 „In
1143 456 1333 519 terris
1377 456 1540 520 mari
1570 456 1799 538 Caspio
1828 454 2273 536 adjacentibus
2318 453 2608 540 (Biume);
2659 457 2722 518 in
2750 456 3178 537 wopau-thus

569 559 888 625 umbrosis
932 560 1339 643 promontorii
1375 560 1698 624 Caucasici
1744 580 1943 642 prope
1987 559 2304 624 acidulam
2337 562 2642 622 Nartzana
2682 560 2849 622 altit.
2887 560 3078 625 3000'
3110 573 3178 626 et

567 668 634 728 in
665 663 968 748 lapidosis
996 659 1082 724 ad
1117 666 1480 726 Torrentem
1506 665 1704 726 Terok
1739 682 1938 747 prope
1968 663 2127 729 Kobi
2158 664 2271 728 alt.
2312 661 2501 727 60⁰0'
2528 667 2679 728 'cum
2713 665 2999 746 Cystups.
3036 664 3176 728 fra-

572 772 704 853 gili.
777 770 1025 850 (Meyer.
1089 762 1276 844 Hoffl.
1343 766 1696 851 liupr-echi).

744 872 1102 955 specimina
1138 869 1415 936 maxima
1443 868 1863 952 ultrapedalia
1893 870 1961 934 in
1990 871 2171 935 herb.
2209 872 2290 934 cl.
2324 870 2731 935 Kiikbewdnii
2758 870 2913 935 vidi.

744 979 812 1040 ln
845 974 1075 1058 petiolo
1123 972 1405 1037 fasciculi
1450 971 1577 1036 duo
1608 974 1823 1040 ovalea
1855 976 2162 1058 contigui3
2215 976 2434 1057 paleae
2476 974 2542 1036 in
2584 975 2764 1058 apice
2810 977 3180 1041 rhizomatis

573 1088 969 1163 aggregatae,
1011 1077 1222 1159 ruffae,
1260 1077 1386 1140 late
1418 1078 1840 1157 lanceolatae‚
1880 1078 2062 1161 longe
2093 1080 2524 1159 acuminatae,
2564 1088 2694 1143 tota
2724 1081 2955 1161 pagina
2985 1082 3174 1162 glan-

573 1184 744 1249 dulis
775 1181 1139 1266 cylindricis
1155 1229 1172 1261 ,
1222 1182 1502 1263 margine
1531 1180 1851 1263 glandulis
1882 1183 2041 1247 raris
2064 1192 2137 1245 et
2168 1183 2433 1266 flagellis
2463 1183 2847 1266 longissimis
2882 1187 3173 1267 vestitae,

574 1288 839 1352 cellulae
870 1287 1222 1366 elongatae,
1263 1285 1641 1367 polygonae,
1676 1306 1802 1352 non
1835 1287 2252 1363 incrassatae;
2308 1285 2647 1368 glandulae
2672 1289 3041 1351 laminae-'et
3066 1291 3182 1352 in:—
3234 1280 3241 1292 “

575 1390 745 1456 dusii
789 1389 1203 1473 cylindricae,
1251 1389 1728 1464 unicellulares;
1775 1389 1890 1470 pili
1932 1389 2131 1471 longi,
2180 1391 2546 1469 acuminati,
2586 1392 2753 1453 3--7
2798 1392 3174 1468 celluhres3

575 1515 915 1560 nervorum
959 1493 1170 1575 apices
1218 1493 1323 1558 vix
1368 1493 1735 1573 incrassati,
1792 1494 1975 1575 longe
2024 1493 2181 1556 infra
2216 1494 2556 1574 marginem
2590 1495 2965 1559 laciniamm
2994 1495 3181 1560 desi-

577 1609 842 1677 nentes3
879 1598 1004 1662 sori
1037 1598 1294 1678 paulum
1330 1595 1491 1659 infra
1524 1597 1768 1677 apicem
1802 1597 2163 1680 nervorum,
2202 1599 2268 1661 in
2294 1595 2482 1659 dorso
2515 1601 2911 1679 receptaculi
2930 1596 3180 1678 dffiatati

577 1702 909 1778 sedenteS‚
961 1720 997 1764 e
1028 1701 1250 1782 paucis
1293 1699 1643 1783 sporangiis
1674 1703 2036 1783 compositi;
2089 1702 2366 1766 annulus
2396 1721 2432 1763 e
2462 1704 2542 1764 20
2577 1702 2827 1765 cellulis
2856 1707 3183 1788 composi-

578 1820 719 1886 tus;
767 1824 993 1888 sporae
1024 1803 1445 1885 subglobosae
1476 1806 1627 1867 stria
1659 1805 1938 1867 solitaria
1971 1813 2224 1867 notatae
2243 1853 2260 1885 ,
2307 1805 2544 1885 flavae,
2583 1804 2865 1870 breviter
2891 1809 3183 1873 muricu-

579 1913 776 1983 latae;
815 1908 1134 1972 indusium
1171 1909 1538 1988 maximum,
1581 1905 1680 1970 l'''
1706 1908 1837 1970 fere
1866 1908 2092 1986 latum,
2128 1909 2440 1988 inflatum,
2478 1909 2711 1990 rufum,
2749 1911 3178 1994 sphaericum,

576 2012 1311 2080 tenuimembranaceum
1336 2060 1350 2089 ‚
1419 2031 1455 2076 e
1496 2010 1740 2078 cellulis
1786 2010 2015 2093 amplis
2057 2012 2360 2076 flexuosis
2404 2014 2774 2095 formatum,
2834 2034 2947 2078 ore
2984 2034 3183 2098 parvo

577 2119 840 2202 paulum
881 2116 1196 2189 lacerum,
1247 2135 1366 2182 neo
1407 2115 1790 2198 profundius
1832 2117 2168 2198 partitum,
2230 2126 2358 2182 tota
2406 2119 2633 2201 pagina
2679 2128 2869 2183 extus
2911 2119 3014 2183 bie
3058 2120 3189 2184 illie

580 2221 897 2305 glandulis
927 2219 1287 2303 cylindricis
1317 2220 1835 2284 unicellularibus
1870 2222 2192 2284 vestitum.

756 2325 1053 2399 Quamvis
1087 2323 1508 2407 Cystopteridi
1540 2323 1747 2406 fragili
1778 2324 2034 2406 similis,
2085 2334 2296 2392 tamen
2328 2327 2532 2408 primo
2564 2328 2709 2390 visu
2738 2327 2968 2390 lamina
2996 2324 3189 2391 basin

587 2449 812 2494 versus
844 2429 1080 2491 sensim
1116 2428 1509 2492 decrescenti
1541 2427 2014 2510 distinguenda.

758 2532 1137 2597 Incertitudo
1167 2531 1501 2616 quaedam,
1539 2552 1704 2614 quae
1734 2531 1906 2615 apud
1939 2533 2275 2598 nonnullos
2300 2541 2556 2598 autores
2581 2532 2661 2598 de
2687 2536 2802 2598 hac
2820 2533 3044 2615 ‘planta
3077 2535 3192 2595 in-

593 2642 875 2721 venitur,
937 2637 1085 2701 inde
1132 2647 1263 2700 orta
1309 2645 1440 2715 est,
1503 2633 1672 2719 quod
1721 2638 1788 2698 G.
1839 2634 1914 2699 A.
1946 2639 2168 2721 Meyer
2211 2636 2371 2701 duas
2425 2639 2671 2718 plantas
2718 2637 3189 2704 diversissimas

586 2744 806 2810 eodem
849 2743 1103 2806 nomine
1159 2740 1449 2821 specifico
1493 2738 1787 2804 donavit:
1848 2740 2352 2825 Cystopteridem
2408 2740 2816 2823 (Cystopteris
2862 2744 3191 2805 caucasica

591 2855 658 2915 G.
694 2849 769 2914 A.
804 2852 1026 2932 Meyer.
1092 2846 1244 2910 Unio
1286 2847 1496 2910 itiner.
1551 2848 1739 2909 1839.
1786 2850 1857 2909 R.
1909 2849 1979 2909 F.
2031 2844 2438 2928 Hohenaclcer)
2476 2856 2556 2910 et
2599 2845 3188 2931 Hymenocystidem

595 2951 1092 3036 (Hymenocystis
1123 2951 1448 3014 caucasica
1486 2949 1557 3012 0.
1593 2948 1666 3016 A.
1703 2950 1968 3035 Meyer),
2028 2968 2193 3033 quae
2236 2949 2488 3030 plantae
2529 2923 2753 3012 ambae
2782 2947 3002 3012 eodem
3051 2951 3191 3013 loco

588 3064 885 3120 crescunt
907 3063 971 3116 et
995 3052 1214 3118 eodem
1238 3054 1380 3118 loco
1400 3057 1696 3118 collectae
1723 3065 1896 3118 sunt.
1906 3059 2258 3126 Praeterea
2282 3053 2363 3118 cl.
2392 3054 2642 3116 Kuuze
2627 3071 2688 3118 in
2709 3053 3033 3116 Analectis
3054 3056 3191 3118 suia

588 3158 937 3239 Pteridogr.
976 3157 1055 3220 de
1079 3159 1606 3242 Hymenocystide
1631 3159 1783 3222 dicit
1807 3179 1949 3241 pag.
1991 3161 2107 3224 422
2143 3156 2652 3239 ‚,Gystopteridi,
2691 3160 2786 3220 uti
2816 3157 3063 3221 Fischer
3085 3173 3189 3222 me

589 3264 793 3325 literis
825 3260 1096 3339 edocuit,
1138 3264 1341 3327 serius
1370 3266 1579 3345 Meyer
1600 3263 1883 3345 plantam
1917 3281 2096 3326 suam
2128 3261 2549 3330 adnumerare
2588 3279 2943 3342 propensus
2978 3262 3187 3325 fuit.“

763 3368 873 3431 Hic
902 3385 1080 3429 error
1111 3366 1263 3428 mibi
1304 3386 1447 3432 esse
1476 3365 1762 3444 videtur3
1817 3367 2257 3431 verosimiliter
2298 3365 2378 3428 cl.
2413 3364 2662 3430 Fischer
2690 3381 2942 3448 quoque
2972 3367 3195 3430 nesci-

589 3476 719 3555 vit,
780 3469 1286 3554 Cystopteridem
1339 3473 1733 3536 caucasicam
1782 3472 2020 3554 Meyeri
2061 3471 2148 3532 nil
2193 3470 2319 3534 nisi
2360 3469 2864 3551 Cystopteridem
2908 3470 3193 3551 fragilem

589 3597 753 3641 esse.
820 3577 939 3650 Qui
984 3577 1152 3638 enim
1187 3577 1382 3639 semel
1417 3573 2004 3658 Hymenooystidem
2038 3571 2230 3654 vidit,
2282 3589 2607 3654 nunquam
2636 3587 2779 3636 eam
2810 3591 2924 3654 pro
2958 3575 3196 3656 Cysta-

591 3679 838 3762 pteride
869 3678 1152 3743 babebit.
1218 3683 1282 3743 In
1329 3681 1600 3744 eundem
1643 3699 1923 3746 errorem
1955 3676 2179 3746 incidit
2227 3678 2307 3739 ol.
2352 3677 2499 3755 Fae,
2552 3678 2661 3759 qui
2706 3679 2775 3740 in
2805 3679 3035 3741 Gener.
3070 3677 3193 3739 Fil.

591 3791 668 3865 p.‘
709 3785 831 3850 299
871 3771 1270 3866 θάῦγειορι.
1320 3787 1708 3850 caucasicam
1755 3800 2176 3865 synonymum
2226 3782 2761 3862 „Hymenocystis
2806 3782 3191 3844 caucasica“

592 3888 813 3960 affert;
854 3905 1070 3948 revera
1102 3889 1272 3952 enim
1306 3889 1383 3950 cl.
1423 3890 1534 3951 Βόα
1565 3885 2157 3970 Hymenooystidem
2187 3887 2576 3948 caucasicam
2611 3903 2735 3950 non
2769 3884 3040 3965 viderat,
3078 3885 3199 3950 sod

594 3997 792 4061 solum
829 3988 1327 4077 Cystopteridem
1375 3994 1761 4055 caucasioam
1796 3993 1840 4052 i.
1876 4011 1933 4054 e.
1972 3990 2041 4053 G.
2079 3989 2358 4070 fragilem
2407 3991 2469 4051 in
2505 3989 2795 4053 herbario
2824 4009 2944 4053 suo
2970 4007 3198 4052 asser-

593 4111 725 4164 vat.
786 4101 970 4162 Errat
1001 4099 1187 4178 igitur
1218 4098 1298 4159 cl.
1337 4098 1558 4178 Maure,
1596 4099 1703 4180 qui
1736 4098 1802 4158 in
1826 4092 2034 4158 indice
2064 4112 2179 4157 suo
2204 4094 2462 4156 Filioum
2490 4113 2555 4175 p.
2591 4093 2715 4156 279
2743 4093 2918 4175 dicit,
2955 4097 3199 4178 Cysto—

590 4187 904 4289 pteridem
937 4203 1325 4268 caucasicam
1357 4203 1472 4265 Fee
1501 4201 1770 4267 eandem
1802 4201 2080 4281 plantam
2113 4217 2285 4278 esse,
2338 4197 2803 4264 aowoodsiam
2832 4197 3143 4279 fragilem.

766 4308 1161 4392 Cystopteris
1207 4307 1538 4370 caucasios·
1594 4307 1662 4368 G.
1712 4300 1786 4367 A.
1840 4307 2043 4387 Meyer
2099 4301 2266 4366 edita
2322 4313 2427 4366 est
2480 4304 2548 4365 in
2597 4304 2767 4367 Unio·
2809 4305 2879 4367 it.
2935 4305 3100 4366 4839
3160 4322 3201 4364 a

591 4418 663 4477 R.
699 4416 769 4477 F.
809 4410 1237 4489 Hokenaclcer,
1290 4403 1551 4474 collecta
1583 4411 1670 4474 ab
1697 4418 1917 4482 autore
1958 4410 2099 4490 ipso
2142 4408 2211 4472 in
2240 4408 2543 4472 Caucaso.
2606 4407 2798 4470 Multa
2844 4404 3198 4486 specimina

591 4519 911 4598 originalia
948 4516 1099 4591 vidi,
1137 4518 1345 4580 omnia
1379 4515 1552 4580 nullo
1586 4512 1768 4578 modo
1793 4533 1828 4575 a
1856 4510 2297 4595 Cystopteride
2326 4511 2525 4594 fragili
2561 4510 2811 4580 diversa
2840 4518 3065 4572 sunt.
3190 4521 3199 4564 :

763 4625 827 4684 5.
903 4621 1004 4685 W.
1060 4619 1570 4686 uuachun-ioasi·
1617 4616 1855 4748 Hoolcer
1904 4615 1959 4679 A
2012 4615 2361 4680 second.
2392 4616 2750 4697 Century
2824 4612 2903 4676 of
2956 4616 3200 4677 Ferus

607 4724 815 4812 (⁴864)
855 4724 1007 4790 Tab.
1048 4727 1152 4788 98.

766 4828 1057 4899 Rhizoma
1105 4799 1299 4894 breve
1341 4827 1668 4914 obliquum
1710 4828 1909 4910 paleis
1940 4826 2290 4913 aggregatis
2322 4823 2517 4890 rufo-
2533 4822 2730 4888 fuscis
2774 4822 2953 4909 ,apice
2980 4818 3219 4891 vesti-
