3509 5267
619 232 744 298 204
1686 237 2161 313 ophioglosseae.

796 409 852 484 l)
898 406 1275 488 Plerumque
1307 407 1537 469 lamina
1571 407 1806 468 sterilis
1837 405 2020 486 longe
2054 408 2347 490 petiolata
2384 404 2600 489 adest,
2639 409 2821 489 cujus
2851 410 3082 491 petiole
3114 410 3221 474 in·-

626 512 804 573 ferne
829 512 1060 572 lamina
1095 510 1314 572 fertilis
1349 511 1625 572 solitaria
1656 508 1888 571 adnata
1926 519 2043 572 est.

797 616 856 700 2)
906 615 1247 677 Rarissime
1294 613 1457 676 duae
1509 614 1779 678 laminae
1835 611 2144 677 discretae
2198 613 2435 678 fertiles
2482 616 2630 680 huic
2673 618 2907 698 petiolo
2952 616 3220 682 adnatae

625 729 811 798 sunt3
852 719 1100 780 Silesia.
1151 719 1463 780 Borussia.
2235 734 2241 740 ·

799 827 860 901 3)
913 823 991 883 Et
1021 821 1214 890 semel
1248 828 1496 884 tantum
1531 829 1653 885 tres
1686 819 1945 885 laminas
1990 820 2284 884 discretas
2311 819 2546 902 fertiles
2566 823 2789 904 petiolo
2819 825 3084 890 insertas
3113 825 3221 886 in-

630 928 796 990 veni.
861 926 1109 988 Silesia.

805 1030 858 1114 4)
915 1031 1115 1109 Saepe
1148 1025 1309 1089 duae
1334 1028 1603 1089 laminae
1635 1027 1877 1103 steriles
1897 1027 2317 1091 observantur
2338 1030 2405 1092 in
2428 1029 2648 1094 eadem
2677 1031 2912 1112 planta,
2951 1051 3217 1114 quarum

624 1138 821 1198 altera
851 1133 1000 1196 anni
1037 1131 1360 1212 praeteriti
1392 1139 1492 1194 est
1521 1140 1584 1218 et
1617 1130 1754 1193 basi
1791 1132 2120 1213 vaginante
2151 1134 2454 1212 petiolum
2487 1135 2758 1198 laminae
2782 1135 3044 1198 alterius
3074 1156 3219 1197 am-

622 1238 954 1320 plectitur3
1014 1235 1078 1296 in
1129 1233 1358 1315 petiolo
1401 1233 1588 1312 hujus
1632 1234 1903 1296 laminae
1950 1235 2180 1297 sterilis
2212 1238 2360 1300 anni
2406 1239 2729 1318 praeteriti
2763 1255 3014 1320 semper
3046 1240 3219 1321 frag-

623 1350 836 1405 menta
870 1339 1138 1401 laminae
1169 1336 1395 1398 fertilis
1425 1335 1632 1399 adhuc
1663 1337 2058 1401 observanda
2084 1348 2266 1427 sunt.
3285 1331 3289 1336 ⁵

801 1441 858 1525 5)
897 1442 1238 1504 Rarissime
1262 1438 1425 1501 duae
1448 1441 1492 1505 l.
1522 1448 1651 1511 tres
1670 1439 1939 1505 laminae
1963 1443 2211 1506 steriles
2230 1442 2485 1524 adsunt,
2517 1461 2782 1525 quarum
2811 1441 2974 1505 duae
2999 1442 3216 1506 eodem

627 1567 791 1610 anno
822 1553 1187 1627 procreatae
1217 1552 1402 1615 sunt;
1441 1551 1573 1607 tum
1609 1544 1839 1624 petiolo
1871 1546 2140 1607 laminae
2172 1547 2433 1610 alterius
2469 1546 2695 1608 lamina
2730 1545 2956 1610 fertilis
2989 1546 3214 1620 adnata

627 1658 758 1728 est,
813 1656 877 1710 et
920 1646 1082 1710 duae
1123 1646 1281 1709 aliae
1314 1646 1583 1708 laminae
1615 1648 1862 1710 steriles
1895 1647 2252 1712 alternatim
2287 1649 2661 1730 dispositae,
2718 1649 2855 1712 basi
2892 1651 3218 1731 vaginante

630 1755 973 1837 proximam
1006 1752 1304 1813 laminam
1338 1750 1829 1830 amplectuntur.

801 1874 856 1955 6)
912 1874 1046 1946 Non
1081 1891 1220 1935 raro
1252 1870 1378 1933 duo
1410 1870 1727 1934 individua
1764 1869 2041 1936 discreta
2081 1873 2146 1933 in
2181 1871 2399 1934 eodem
2443 1874 2786 1936 rhizomate
2817 1872 3083 1951 adsunt,
3136 1876 3215 1934 ita

629 1986 702 2039 ut
735 1977 899 2040 duae
943 1978 1214 2038 laminae
1257 1976 1505 2038 steriles
1549 1976 1873 2057 oppositae
1917 1977 2360 2056 inveniantur,
2414 1995 2681 2059 quarum
2727 1977 2954 2058 ‘petiole
2986 1977 3213 2038 lamina

627 2079 852 2142 fertilis
885 2080 1130 2159 singula
1163 2076 1392 2144 adnata
1425 2087 1544 2141 est.

801 2202 929 2262 Hac
961 2202 1349 2281 proprietate
1402 2196 1582 2261 modo
1614 2197 1963 2279 descripta,
2027 2197 2167 2281 (sub
2199 2201 2237 2262 2
2270 2209 2333 2261 et
2367 2201 2423 2284 6)
2464 2204 2652 2264 etiam
2697 2205 2762 2266 in
2795 2202 3028 2283 plantis
3058 2199 3217 2263 sile-

629 2306 814 2366 siacis
847 2305 1212 2382 observata,
1265 2305 1653 2386 Botrychium
1683 2299 2133 2381 subbifoliatum
2166 2301 2501 2367 Brackenr.
2554 2304 2876 2369 conditum
2918 2310 3053 2379 est3
3106 2302 3218 2365 sed

630 2408 1083 2488 speciminibus
1118 2407 1523 2488 originalibus
1558 2407 1934 2468 examinatis
1960 2405 2131 2470 nullo
2163 2405 2347 2469 modo
2371 2408 2534 2470 hanc
2558 2409 2837 2489 plantam
2863 2423 2979 2489 pro
3011 2411 3221 2486 speeie

632 2510 928 2575 distincta
961 2528 1285 2573 assumere
1316 2528 1597 2590 possum.
1659 2508 1858 2591 (Cous.
1893 2511 2048 2572 Nov.
2083 2506 2224 2572 Act.
2263 2512 2395 2575 Vol.
2434 2511 2646 2575 XXVI.
2686 2515 2748 2573 P.
2786 2513 2857 2573 ll.
2893 2510 3043 2573 Tab.
3082 2507 3212 2590 53.)

799 2633 865 2691 B.
906 2640 1221 2693 ternatum
1258 2632 1386 2692 Sw.
1425 2639 1489 2693 et
1520 2633 1584 2690 B.
1624 2630 1908 2692 australe
1940 2632 2008 2690 R.
2050 2632 2158 2691 Br.
2197 2630 2415 2693 Prodr.
2461 2632 2598 2696 flor.
2650 2633 2804 2695 Nov.
2841 2631 2999 2694 Holl.
3057 2632 3219 2696 ⁴8⁴0

634 2754 695 2813 p.
739 2736 884 2796 ⁴64.
922 2736 1173 2795 omnino
1204 2736 1460 2816 plantae
1491 2734 1745 2795 eaedem
1781 2734 1993 2815 itaque
2024 2749 2409 2815 synonymae
2441 2744 2615 2797 sunt.
2680 2737 2938 2798 Formae
2969 2734 3226 2796 Ameri-

630 2857 824 2900 canae
854 2839 1126 2919 primum
1161 2835 1502 2900 admodum
1534 2837 1615 2898 ab
1648 2838 1990 2918 Europaeis
2022 2837 2275 2901 differre
2307 2836 2637 2918 videntur,
2687 2836 2800 2900 sed
2834 2837 3068 2900 sensim
3102 2837 3221 2897 alia

627 2941 693 3003 in
726 2941 908 3024 aliam
956 2943 1221 3019 transit;
1273 2941 1610 3022 praecipue
1654 2959 1795 3002 var.
1843 2939 2212 3005 lunarioides
2257 2961 2706 3023 nonnunquam
2754 2943 2929 3003 nullo
2973 2940 3158 3001 modo
3190 2958 3223 3001 a

628 3045 843 3125 planta
877 3048 1225 3126 germanica
1261 3046 1541 3125 separari
1576 3052 1786 3125 potest
1816 3052 1880 3106 et
1911 3045 1992 3106 ab
2025 3046 2141 3107 hac
2172 3045 2372 3109 solum
2406 3046 2649 3107 laciniis
2678 3044 2820 3107 basi
2853 3041 3224 3126 aequalibus

633 3148 1077 3211 reniformibus
1109 3147 1339 3210 differt.

800 3253 868 3313 In
899 3253 1136 3337 plantis
1167 3251 1557 3315 Americanis
1604 3270 1857 3330 semper
1897 3248 2120 3315 dentes
2152 3260 2217 3313 et
2246 3270 2472 3313 crenae
2516 3253 2885 3315 laciniarum
2918 3269 3224 3312 numero-

632 3358 828 3418 siores
862 3364 1045 3431 sunt,
1100 3373 1287 3436 quam
1321 3356 1384 3416 in
1428 3356 1792 3434 europaeis;
1843 3352 1996 3417 dum
2029 3356 2145 3417 hae
2176 3374 2399 3417 crenae
2445 3355 2884 3437 profundiores
2916 3356 3214 3429 existunt,

631 3459 827 3521 forma
861 3458 1131 3521 dissecta
1164 3457 1400 3522 evadit.

798 3586 1037 3647 Nomen
1076 3584 1524 3662 ‚,Ternatum“
1559 3583 1883 3644 nominum
1928 3582 2207 3642 omnium
2255 3598 2729 3642 numerosorum
2774 3582 2961 3660 hujus
2993 3580 3221 3662 speciei

628 3689 812 3768 longe
845 3690 1253 3752 veterrimum
1296 3686 1339 3769 (4
1359 3686 1498 3768 784)
1543 3696 1641 3748 est
1672 3693 1736 3747 et
1767 3685 2038 3747 libenter
2067 3684 2259 3764 igitur
2288 3684 2404 3745 hoc
2428 3684 2721 3748 omnibus
2753 3685 2893 3746 aliis
2926 3684 3212 3766 praetuli.

799 3794 1057 3853 Formae
1087 3791 1397 3872 Botrychii
1433 3792 1663 3851 ternati
1696 3790 1760 3850 in
1795 3786 2048 3851 modum
2095 3787 2447 3849 naturalem
2480 3786 2824 3868 dispositae
2857 3788 2972 3848 hae
3003 3796 3172 3849 sunt.
3202 3807 3214 3846 ε

803 3908 861 3993 a)
918 3912 1237 3994 Seqmenta
1265 3911 1464 3976 ultimi
1490 3911 1720 3986 ordinis
1750 3908 2096 3994 complura,
2134 3908 2354 3971 sensim
2386 3925 2524 3969 cum
2555 3907 2728 3989 apice
2757 3909 3045 3990 seymenti
3072 3927 3224 3970 con-

625 4015 902 4097 fluentia.

805 4132 862 4218 ⁴)
913 4133 1178 4198 Forma
1224 4135 1739 4197 lunarioides.
1825 4135 2155 4215 Segmenta
2200 4133 2421 4196 ultima
2481 4152 2514 4194 e
2566 4132 2706 4196 basi
2753 4131 3004 4213 aequali
3048 4131 3229 4192 reni-

630 4237 1227 4319 sormi-rotundam,
1266 4248 1542 4301 crenata.
1610 4238 1824 4300 Planta
1856 4235 2249 4300 Americana.

800 4342 863 4426 2)
912 4347 1178 4406 Forma
1212 4360 1628 4424 europaea.
1695 4341 2030 4421 Segmenta
2077 4341 2283 4402 ultimi
2329 4338 2569 4401 ordinis
2614 4359 2647 4401 e
2692 4337 2831 4401 basi
2880 4337 3224 4417 inaequali,

629 4446 918 4509 inferiore
950 4447 1140 4509 latius
1173 4445 1459 4523 cordata,
1509 4445 1834 4525 superiore
1866 4444 2066 4505 levius
2115 4440 2445 4505 rotundata
2480 4443 2522 4504 l.
2561 4443 2975 4505 subtruncata
3018 4440 3227 4511 ovalia

629 4559 691 4610 et
724 4549 1314 4629 ovato—rotundata,
1356 4557 1606 4612 crenata
1641 4547 1679 4609 l.
1720 4544 2002 4627 repanda
2035 4546 2078 4607 l.
2117 4545 2671 4627 subinlegerrima.

801 4650 855 4735 3)
920 4655 1197 4715 Forma
1265 4649 1970 4715 australasiatica.
2051 4651 2387 4731 Segmenta
2448 4650 2679 4736 ultimi,
2712 4645 2951 4709 ordinis
2982 4665 3016 4707 e
3084 4644 3232 4707 basi

627 4755 974 4843 inaequali,
1042 4754 1341 4825 inferiore
1395 4753 1768 4840 rotundata,
1835 4754 2158 4845 superiore
2212 4761 2420 4822 erecta
2474 4752 2518 4820 l.
2577 4758 2870 4818 truncata
2916 4747 3233 4837 oblonga,
