3509 5267
1429 219 1797 292 Selaginella.
1877 227 1882 232 “
2038 217 2049 229 “
2786 215 2911 278 267

496 371 665 457 mh.
716 388 1162 452 Kamtschatka
1208 385 1536 471 (chamisso
1567 388 1633 449 in
1661 383 1847 449 herb.
1887 406 2019 468 reg.
2059 388 2326 464 Berol.);
2379 386 2607 449 Sibiria
2642 388 2917 449 maxime

324 499 554 561 orient.
606 512 834 557 versus
873 511 1047 555 mare
1088 492 1443 555 Ochotense
1487 509 1628 553 cum
1665 492 1734 554 S.
1772 492 2254 571 sanguinolenta
2296 489 2707 575 (Redowsky);
2757 488 2915 571 Ajan

335 597 598 684 (Tilinq).
677 598 746 659 ln
787 597 976 658 Terra
1012 595 1345 658 Amurensi
1392 603 1454 656 et
1499 597 1558 656 in
1603 595 1929 674 superiore
1974 602 2037 656 et
2082 595 2145 654 in
2179 594 2471 656 inferiore
2502 593 2654 656 fluv.
2692 592 2910 656 Amur.

335 701 573 789 (Maaclc
605 708 670 763 et
700 695 1193 781 Maoeimowicz).
1242 698 1517 760 Dahuria
1560 696 1763 780 (berb.
1799 716 1964 760 caes.
2002 694 2332 780 Vindob.).

503 804 699 868 Simla
731 803 1092 884 Himalayae
1124 798 1313 864 7400'
1347 800 1509 863 altit.
1552 799 1763 875 (Herb.
1801 799 1941 863 lnd.
1978 819 2068 862 or.
2100 800 2336 865 Hooker
2365 801 2452 864 fil.
2489 809 2552 863 et
2582 799 2915 883 Thomson).

497 907 724 974 Caules
769 905 933 968 foliis
978 904 1187 967 laxius
1232 903 1562 985 dispositis
1610 905 1933 986 oppressis
1975 901 2231 985 pallidis
2276 906 2526 985 vestiti,
2590 903 2793 968 rarius
2838 903 2920 967 ad

326 1011 419 1076 '7''
452 1011 653 1093 longi,
693 1010 847 1073 rami
883 1017 1172 1090 patentes
1202 1006 1458 1094 ÷—†''
1493 1008 1660 1089 longi
1694 1008 1943 1087 remoti,
1982 1009 2135 1069 rami
2170 1006 2529 1071 secundarii
2560 1016 2623 1071 et
2656 1009 2920 1071 tertiarii

326 1116 531 1200 pauci.
612 1113 768 1177 Cilia
815 1112 1269 1176 unicellularia.
1323 1145 1402 1158 -—
1449 1110 1920 1191 Speciminibus
1964 1114 2318 1175 numerosis
2370 1112 2748 1175 examinatis
2791 1120 2921 1174 tres

327 1222 558 1283 formas
589 1216 1072 1301 distinguendas
1102 1234 1244 1279 esse
1276 1222 1456 1295 puto.
1505 1213 1933 1276 Pulcherrima
1964 1223 2029 1275 et
2060 1215 2427 1297 longissima
2459 1224 2559 1278 est

411 1309 471 1386 l.
521 1318 820 1385 indica.
898 1321 1065 1384 Folia
1110 1320 1397 1382 tenuiora
1433 1326 1835 1397 mucronata,
1876 1321 2161 1399 margine
2192 1320 2439 1382 interno
2469 1318 2653 1399 longe
2684 1319 2914 1396 einata,

334 1429 615 1508 margine
647 1427 770 1489 late
805 1424 1035 1488 reflexo
1065 1431 1329 1486 externo
1358 1420 1620 1484 brevius
1653 1421 1860 1484 ciliata
1895 1421 2025 1485 fere
2056 1423 2309 1484 omnino
2339 1442 2465 1484 non
2497 1422 2801 1485 carinata.

415 1533 475 1594 2.
525 1529 951 1609 ajanensis
982 1535 1047 1590 et
1079 1527 1575 1590 amurensis.
1654 1525 1824 1586 Folia
1860 1526 2099 1589 minora
2135 1543 2370 1606 crassa,
2411 1526 2612 1608 magis
2644 1525 2920 1589 conferta

332 1624 505 1717 apice
527 1633 820 1696 breviore
844 1639 1050 1710 acuto,
1087 1632 1373 1713 margine
1400 1632 1647 1693 interno
1673 1629 1908 1708 ciliata,
1940 1630 2226 1711 margine
2244 1639 2506 1692 externo
2526 1629 2664 1692 basi
2692 1630 2921 1693 reflexa
2995 1646 3014 1656 ⁹

333 1738 564 1800 ciliata.
645 1736 861 1799 Solum
895 1754 1057 1819 apex
1086 1734 1374 1797 foliorum
1406 1734 1752 1797 carinatus.

354 1886 359 1890 ·
418 1845 480 1904 3.
530 1839 1149 1903 camtschatica.
1245 1837 1410 1900 Folia
1473 1837 1653 1918 apice
1714 1835 2089 1898 brevissimo
2149 1832 2470 1899 interdum
2533 1834 2914 1914 submutica,

335 1946 611 2027 margine
642 1953 904 2008 externo
935 1941 1382 2025 integerrima,
1433 1942 1683 2002 interno
1716 1936 2005 2020 dentata,
2057 1957 2176 2001 nec
2206 1939 2440 2002 ciliata.
2518 1940 2683 2003 Folia
2715 1939 2921 2002 omnia

332 2048 630 2111 distincte
659 2049 964 2111 carinata.

500 2153 550 2215 Α
584 2150 961 2232 Selaginella
993 2147 1474 2230 sanguinolenta
1506 2148 1664 2209 haec
1707 2147 1952 2228 species
1993 2165 2248 2227 semper
2279 2148 2515 2228 optime
2548 2146 2710 2216 foliis
2741 2147 2922 2208 auri-

335 2255 559 2318 culatis
583 2250 1033 2336 distinguenda
1056 2260 1186 2329 est;
1223 2250 1366 2314 folia
1399 2268 1654 2332 semper
1677 2250 1861 2333 longe
1886 2269 2078 2332 supra
2103 2252 2291 2315 basin
2325 2251 2491 2314 cauli
2521 2252 2706 2314 affixa
2732 2256 2919 2327 sunt;

334 2354 563 2420 deinde
608 2355 751 2419 folia
796 2357 863 2418 in
906 2357 972 2419 S.
1022 2354 1256 2416 boreali
1307 2353 1536 2415 eximie
1578 2356 2021 2437 asymmetrica
2076 2363 2260 2428 sunt3
2327 2356 2610 2436 margine
2663 2362 2924 2416 externo

334 2461 570 2541 magia,
624 2461 868 2521 interno
902 2458 1103 2522 multo
1137 2459 1348 2520 minus
1382 2476 1666 2520 convexo
1690 2504 1706 2535 ‚
1764 2466 2030 2521 externo
2060 2457 2625 2540 subintegerrimo‚
2675 2459 2924 2520 interno

333 2563 574 2642 ciliato,
630 2564 692 2624 in
716 2564 796 2632 S.
834 2561 1318 2643 sanguinolenta
1353 2559 1496 2623 folia
1530 2560 1664 2623 basi
1700 2562 1884 2624 affixa
1918 2571 1982 2624 et
2014 2564 2413 2644 symmetrica
2447 2563 2709 2625 formata
2745 2569 2920 2625 sunt.

435 2693 449 2706 ἢ
505 2666 600 2730 Cl.
648 2666 1122 2747 Maximowicz‚
1171 2667 1280 2747 qui
1327 2666 1392 2728 S.
1441 2666 1761 2728 borealem
1796 2652 2229 2747 copiosissime
2262 2668 2324 2729 in
2357 2669 2546 2729 Terra
2585 2664 2925 2729 Amurensi

335 2768 527 2850 vidit,
588 2768 742 2833 dicit
784 2779 1151 2851 praeterea,
1202 2769 1412 2849 spicas
1459 2768 1647 2848 hujus
1680 2771 1914 2852 speciei
1958 2771 2158 2833 multo
2205 2773 2474 2835 rariores
2505 2781 2570 2833 et
2601 2771 2926 2834 breviores

345 2872 607 2958 (2-3'''
639 2874 878 2955 longas)
915 2892 990 2935 ac
1022 2874 1086 2934 in
1119 2872 1189 2934 S.
1222 2873 1705 2952 sanguinolenta
1741 2882 1805 2934 et
1838 2870 2034 2955 duplo
2065 2876 2403 2937 crassiores
2436 2893 2643 2955 ramo,
2683 2875 2782 2938 cui
2815 2875 2923 2936 in·-

332 2975 545 3041 sident
575 2984 640 3038 et
670 2995 704 3038 a
739 2994 912 3039 ramo
954 2977 1151 3056 magis
1197 2974 1533 3038 distinctas
1578 2996 1742 3038 esse.

506 3080 574 3140 In
606 3080 818 3161 planta
852 3081 1137 3161 ajanensi
1170 3079 1377 3159 spicas
1414 3076 1526 3141 6'''
1560 3081 1775 3162 longas
1806 3079 2046 3143 inveni.

505 3185 572 3246 In
621 3183 836 3264 planta
873 3184 1145 3247 Sibiriae
1190 3181 1514 3245 orientalis
1560 3185 1741 3247 herb.
1793 3203 1962 3247 caeS.
2001 3188 2251 3267 Petrop.
2304 3182 2448 3245 folia
2494 3190 2756 3245 externa
2799 3182 2924 3244 lata

330 3289 590 3350 omnino
632 3306 758 3349 non
801 3288 1117 3369 carinam,
1167 3283 1373 3348 media
1420 3304 1457 3348 a
1487 3287 1627 3350 basi
1667 3305 1875 3370 usque
1920 3286 2003 3350 ad
2048 3292 2287 3372 apicem
2318 3286 2616 3351 distincte
2647 3287 2923 3349 carinata

336 3390 576 3454 inveni.

339 3547 345 3554 .
507 3494 574 3557 8.
625 3494 690 3558 S.
736 3495 1155 3574 mongholica.
1185 3496 1374 3578 Rupr.
1413 3495 1656 3557 Beitr.
1695 3496 1796 3557 111.
1838 3493 2079 3578 (⁴845).
2117 3515 2181 3577 p.
2221 3496 2325 3558 32.
2362 3530 2440 3541 -
2477 3492 2659 3557 Mimo
2689 3494 2754 3554 in
2788 3494 2919 3553 Bot.

338 3600 472 3679 Ztg.
517 3596 730 3676 (4867)
769 3619 833 3680 p.
874 3601 977 3662 52.
1015 3601 1126 3662 No.
1166 3599 1230 3661 7.

509 3702 736 3766 Caules
767 3699 952 3763 valde
982 3701 1251 3783 elongati
1280 3710 1577 3783 repentes
1606 3698 1868 3784 pedales
1914 3699 2131 3782 pallidi
2164 3700 2484 3763 filiformes
2513 3695 2764 3780 rigiduli
2798 3696 2928 3758 fere

340 3806 589 3868 omnino
633 3802 973 3884 denudati3
1031 3806 1187 3867 rami
1231 3806 1516 3888 primarii
1561 3804 2019 3869 decumbentes
2065 3805 2379 3869 distantes
2418 3804 2644 3867 alterni
2681 3799 2926 3866 6—8'''

338 3908 506 3990 longi
530 3909 937 3991 potentissimi
966 3910 1285 3990 ramulosi,
1326 3910 1552 3972 ramuli
1583 3909 1817 3973 breves
1846 3910 2020 3991 parci
2053 3930 2272 3974 omnes
2297 3908 2724 3993 patentissima
2757 3903 2929 3968 unde

339 4011 595 4075 habitus
641 4013 833 4075 totius
880 4013 1136 4094 plantae
1182 4014 1518 4095 singularis
1563 4014 1985 4092 divaricatus;
2054 4015 2196 4077 folia
2262 4012 2494 4095 pallida
2557 4011 2924 4074 tetrasticha

337 4115 541 4180 ovalia
573 4115 804 4178 obtusa
837 4118 1080 4180 caulem
1113 4115 1407 4181 deorsum
1441 4118 1913 4199 amplectentia.

508 4218 912 4284 Ramulorum
947 4222 1311 4285 ultimorum
1350 4218 1491 4282 folia
1517 4219 1744 4282 viridia
1779 4221 2116 4302 explanata
2147 4220 2475 4282 imbricata
2501 4214 2670 4280 uude
2699 4215 2928 4279 ramuli

340 4324 756 4406 complanati:
803 4324 960 4407 folia
993 4323 1275 4387 lateralia
1307 4325 1588 4406 patentia
1621 4344 1652 4387 e
1685 4324 1821 4388 basi
1851 4327 2187 4406 vaginante
2212 4320 2657 4404 fissidentoidea
2685 4319 2928 4382 inferne

340 4427 752 4490 subtruncata
787 4429 989 4491 ovalia
1022 4428 1202 4508 apice
1232 4426 1461 4491 obtuso
1503 4426 1881 4491 brevissime
1927 4426 2417 4505 bi-tridentata,
2455 4419 2752 4505 'margine
2799 4432 2927 4485 toto

346 4528 642 4613 (externo)
667 4532 958 4595 inferiore
985 4532 1186 4613 magis
1210 4549 1486 4594 convexo
1511 4551 1699 4613 parce
1723 4523 2010 4594 breviter
2025 4531 2250 4602 ciliata‚
2292 4526 2579 4613 (interno)
2604 4530 2929 4609 superiore

340 4634 527 4718 triplo
571 4637 820 4719 longius
876 4635 1084 4697 ciliato
1129 4635 1290 4697 ciliis
1339 4631 1562 4698 mediis
1617 4636 2004 4718 longissimis
2053 4633 2346 4697 omnibus
2375 4632 2923 4710 unicellularibus,

341 4738 524 4804 lobus
556 4740 810 4805 ciliatus
851 4739 1050 4821 major
1090 4738 1310 4822 dorso,
1355 4740 1683 4821 angustior
1722 4739 2169 4822 integerrimus
2212 4738 2421 4802 ventri
2466 4739 2624 4802 rami
2667 4737 2931 4804 incum-
