3509 5267
571 241 697 304 230
1645 244 2081 316 Equisetaceae.

577 411 777 474 viride
811 430 982 473 nunc
1015 411 1247 491 figuras
1279 410 1696 490 triangulares
1725 411 2025 490 formans,
2070 429 2244 474 nunc
2277 412 2346 472 E.
2383 411 2605 474 limoso
2635 411 2930 478 similius.
2994 416 3172 479 Rami

573 514 738 578 cauli
770 514 1031 593 similes,
1073 515 1446 594 plerumque
1480 513 1784 595 fistulosi,
1823 523 1890 577 at
1918 512 2240 578 interdum
2272 514 2462 576 etiam
2494 510 2886 596 quadrageni
2918 518 3121 581 solidi.

744 614 843 678 Ab
902 617 974 679 E.
1036 617 1290 680 arvensi
1342 615 1637 679 facillime
1692 616 2105 699 distinguitur
2162 618 2397 678 annulo
2453 618 2799 681 incrassato
2853 624 3174 684 communi

524 727 537 736 ’
572 721 745 784 nullo
778 729 842 782 et
873 718 1282 803 dispositione
1314 727 1687 799 stomatum;
1742 720 2053 783 difficilior
2100 718 2419 783 interdum
2464 729 2565 783 est
2608 717 2961 785 differentia
3004 724 3176 786 inter

573 826 643 887 E.
682 824 971 886 limosum
1005 833 1068 884 et
1101 823 1170 884 E.
1209 823 1488 901 litorale;
1536 831 1602 886 at
1632 824 1698 885 in
1731 824 1847 886 hoc
1878 823 2075 887 caulis
2107 842 2361 904 semper
2389 824 2705 901 sulcatus,
2756 828 3023 905 vaginae
3052 846 3175 889 su-

573 929 889 1010 periores,
930 946 1119 1008 saepe
1150 927 1335 988 etiam
1367 924 1695 988 inferiores
1729 927 2204 1007 campanulatae
2237 935 2300 986 et
2332 926 2534 989 foliola
2568 928 2761 989 sulcis
2786 929 3175 991 commissu-

574 1032 814 1094 ralibus
853 1029 1209 1093 manifestis
1250 1029 1604 1109 disjuncta,
1658 1029 1881 1093 lacuna
1926 1029 2223 1091 centralis
2265 1026 2476 1092 minus
2530 1031 2740 1111 ampla
2789 1041 2853 1094 et
2896 1033 3170 1095 rhizoma

573 1137 825 1197 omnino
858 1130 1219 1211 diversum,
1258 1134 1454 1195 multo
1488 1133 1685 1214 magis
1717 1134 1790 1194 E.
1828 1134 2078 1196 arvensi
2114 1151 2300 1213 quam
2333 1134 2404 1195 E.
2445 1134 2661 1196 limoso
2694 1134 2918 1214 simile,
2956 1126 3174 1196 tamen

473 1300 478 1304 .
574 1257 828 1320 semper
857 1237 1090 1302 annulo
1122 1238 1468 1299 incrassato
1499 1235 1818 1299 communi
1850 1232 2253 1297 destitutum.
2314 1237 2497 1318 Spica
2531 1238 2596 1297 in
2628 1236 2987 1316 pedunculo
3022 1257 3172 1301 car-

571 1362 690 1406 neo
721 1342 934 1422 gracili
970 1341 1241 1418 sessilis,
1281 1339 1477 1401 ovalis
1509 1339 1553 1401 l.
1589 1338 1886 1418 oblonga,
1922 1337 2186 1418 pulchre
2217 1339 2402 1415 flava,
2444 1339 2581 1400 basi
2614 1347 2678 1400 et
2707 1342 2882 1421 apice
2913 1361 3164 1405 carnea.

743 1446 1115 1525 Nuperrime
1149 1445 1300 1507 haec
1332 1443 1581 1525 species
1614 1441 2040 1504 memorabilis
2073 1441 2288 1503 multis
2322 1441 2474 1505 locis
2507 1441 2754 1505 detecta
2785 1453 2916 1524 est,
2953 1446 3171 1526 itaque

574 1566 743 1610 nunc
772 1544 1028 1626 dubito,
1072 1561 1160 1609 ‘an
1194 1566 1411 1610 revera
1444 1546 1689 1627 species
1716 1541 1985 1626 hybrida
2014 1543 2301 1606 habenda
2338 1545 2451 1621 sit;
2490 1564 2633 1608 nam
2668 1548 2920 1627 plantae
2943 1547 3174 1631 hybri-

572 1650 690 1713 dae
744 1650 1250 1732 cryptogamicae
1306 1649 1625 1711 rarissime
1676 1650 2089 1729 proveniunt:
2150 1658 2358 1710 tamen
2413 1650 2707 1712 omnibus
2761 1650 2912 1713 loeis
2965 1652 3174 1716 adhuc

571 1773 796 1835 sperae
827 1773 1078 1835 semper
1108 1753 1430 1815 abortivae
1463 1753 1758 1813 inventae
1792 1758 1961 1830 sunt,
2000 1751 2233 1831 quibus
2258 1770 2437 1812 rarae
2461 1752 2778 1816 normales
2803 1755 3164 1836 immixtae3

572 1859 906 1941 sporangia
949 1875 1201 1938 semper
1240 1855 1417 1918 fibris
1449 1855 1795 1935 spiralibus
1827 1864 2060 1918 carent.
2129 1857 2307 1917 Nunc
2340 1856 2490 1918 mihi
2524 1858 2892 1937 Equisetum
2930 1860 3175 1922 litorale

573 1962 788 2043 planta
814 1971 931 2040 est,
970 1979 1133 2042 quae
1164 1979 1199 2023 a
1222 1970 1445 2022 natura
1481 1959 1662 2039 quasi
1695 1956 1776 2019 ad
1807 1957 2338 2039 exstinguendum
2373 1957 2688 2022 destinata
2721 1980 2862 2024 esse
2887 1961 3164 2024 videtur.

746 2062 1017 2126 Sectio
1061 2065 1121 2124 2.
1187 2062 1630 2146 Hippoehaeto
1685 2061 1879 2125 Milde.
1951 2058 2194 2143 (Conf.
2257 2080 2423 2142 pag.
2479 2060 2678 2150 244).x
2722 2067 2925 2130 Nova
2974 2064 3172 2130 Acta

574 2166 728 2229 Vol.
761 2166 1008 2229 XXXII.
1051 2164 1254 2250 (4865)
1299 2188 1358 2248 p.
1400 2169 1547 2229 378.

746 2272 896 2349 Syn.
962 2270 1262 2351 Equiseta
1309 2268 1598 2332 hiemalia
1646 2265 1719 2330 24.
1758 2269 1870 2330 Br.
1909 2301 1990 2313 —-
2025 2267 2459 2330 Sclerocaulon
2500 2269 2649 2331 Doce.
2685 2305 2771 2317 —-
2822 2272 2887 2332 E.
2926 2274 3174 2336 sticho-

572 2392 722 2456 pora
769 2371 845 2436 Α.
889 2375 1002 2434 Br.
1088 2371 1407 2472 (Equiseta
1452 2381 1825 2454 cryptopora
1874 2369 2058 2434 mildo
2094 2372 2158 2432 in
2203 2367 2436 2433 Abhdl.
2485 2372 2712 2457 schles.
2768 2374 3167 2439 Gesellschft.

576 2476 789 2561 [4864]
827 2497 890 2557 p.
932 2476 1104 2558 438).
2637 2479 2640 2482 ’

744 2598 821 2659 Δ.
879 2595 1180 2678 Equiseta
1208 2599 1595 2678 pleiooticha
1624 2596 1807 2660 mede
1852 2598 1915 2658 in
1949 2595 2113 2658 Abh.
2164 2596 2392 2658 schles,
2433 2597 2575 2659 Ges.
2642 2595 2868 2682 (4864)
2912 2620 2975 2680 p.
3019 2603 3167 2662 438.

745 2702 1097 2763 Stomatum
1130 2701 1326 2763 series
1357 2720 1393 2762 e
1424 2699 1676 2763 duabus
1709 2701 1749 2761 l.
1789 2699 2220 2781 compluribus
2256 2700 2438 2761 lineis
2470 2702 2873 2781 compositae.

748 2805 999 2865 Plantae
1041 2804 1448 2865 Americanae
1496 2822 1790 2885 procerae
1835 2804 2076 2884 vaginis
2120 2804 2384 2865 caulinis
2431 2803 2849 2885 cylindraceis
2882 2814 2946 2867 et
2978 2811 3175 2870 ramis

575 2905 773 2980 dense
805 2906 1193 2970 verticillatis
1225 2908 1596 2970 instructae.

1539 3082 1873 3162 Species
1923 3080 2198 3141 40-44,

745 3201 802 3284 ο.)
872 3202 1176 3294 Equinta
1234 3200 1575 3281 planifolia
1630 3200 1811 3264 mede
1868 3202 1932 3262 in
2003 3202 2154 3263 Nov.
2221 3201 2358 3264 Act.
2427 3202 2557 3264 Vol.
2630 3204 2874 3265 XXXlI.
2950 3205 3171 3279 (4865)

575 3325 641 3387 Ρ.
682 3307 1125 3489 373aginarum
1161 3407 1364 3469 l-'oliola
1402 3408 1654 3469 omnino
1685 3407 1910 3488 plana,
1945 3423 2061 3469 nec
2092 3408 2367 3488 sulcata,
2406 3425 2522 3470 nec
2552 3410 2853 3471 carinata.

1543 3579 1876 3660 Species
1927 3582 2201 3643 40-44,

750 3700 854 3764 10.
917 3702 993 3763 Ε.
1020 3701 1476 3778 xyloehaotum
1508 3701 1744 3764 Menan.
1814 3701 1924 3765 Fil.
1962 3703 2234 3764 Leehler.
2291 3704 2458 3765 Fasc.
2498 3702 2569 3763 11.
2620 3700 2666 3784 (4
2685 3702 2829 3784 859)
2873 3723 2938 3784 p.
2975 3705 3084 3765 34.

750 3805 901 3882 Syn.
957 3804 1083 3864 Est?
1115 3804 1600 3884 Poeppigianum
1633 3809 1868 3867 Metten.
1926 3805 2036 3866 Fil.
2087 3807 2360 3869 Leehler.
2416 3808 2585 3867 Fasc.
2624 3807 2667 3866 1.
2717 3803 2761 3887 (4
2781 3804 2922 3886 856)
2957 3825 3022 3885 p.
3062 3807 3178 3868 27.

577 3941 659 3953 -—
691 3907 762 3969 E.
801 3906 1156 3987 giganteum
1210 3907 1302 3969 W.
1344 3910 1405 3967 J.
1444 3905 1678 3970 Hooker
1721 3910 1860 3970 Sec.
1913 3908 2188 3991 Century
2233 3911 2299 3971 of
2335 3913 2548 3971 Ferus.
2609 3908 2818 3989 (4864)
2856 3908 3010 3970 Tab.
3063 3912 3182 3974 74.

577 4046 662 4057 —-
693 4011 764 4072 E.
802 4008 1078 4071 Leehleri
1111 4009 1286 4073 Milde
1319 4010 1382 4072 in
1414 4010 1712 4092 Verhdlg.
1762 4012 2105 4075 took-bot.
2158 4012 2549 4090 Gesell‘schft.
2601 4013 2668 4073 in
2704 4012 2906 4073 Wien.
2956 4010 3181 4092 (4864)

577 4136 643 4197 p.
682 4116 826 4177 350.
880 4147 964 4158 —
998 4114 1068 4175 E.
1107 4114 1469 4194 giganteum
1505 4117 1718 4177 Besser
1749 4136 1907 4179 msc.

753 4236 961 4299 Gauiis
997 4234 1270 4317 pallidus
1316 4237 1693 4301 laevissimus
1741 4256 1862 4300 non
1899 4238 2200 4316 sulcatus,
2251 4238 2503 4300 carinae
2553 4237 2804 4298 30--40
2855 4234 3192 4301 valleculis

577 4339 972 4420 angustiores
996 4358 1335 4418 convexae,
1374 4341 1635 4424 vayinae
1666 4342 2037 4425 cylindricae
2063 4340 2333 4422 pallidae
2355 4358 2718 4421 appressae,
2756 4338 2962 4419 foliola
2982 4339 3193 4420 plana

578 4443 762 4506 lineis
785 4444 1259 4508 tuberculorum
1287 4445 1553 4525 singulis
1581 4446 2032 4527 marginalibus
2056 4453 2290 4523 notata,
2331 4445 2531 4506 dentes
2556 4441 3191 4508 lanceolata-lineales

578 4548 854 4609 aterrimi
898 4547 1082 4627 rigidi
1114 4547 1442 4631 subliqnosi
1465 4550 1595 4611 sola
1622 4550 1834 4611 infima
1860 4550 2002 4610 basi
2026 4550 2270 4627 sulcati,
2312 4546 2789 4627 bini-quaterni
2815 4545 2995 4625 apice
3019 4564 3194 4608 eon-

582 4647 711 4710 nati
746 4649 1121 4735 plerumque
1151 4654 1456 4732 truncati,
1512 4652 1650 4715 basi
1697 4652 1895 4716 libera
1933 4653 2383 4733 persistentes;
2436 4651 2650 4713 sulcus
2683 4650 3193 4713 commissuralis

581 4753 1071 4833 angustissimus
1104 4774 1380 4835 superne
1403 4757 1743 4839 ampliatus
1768 4780 1781 4832 3
1819 4756 2100 4820 ochreola
2124 4762 2245 4819 tota
2268 4774 2402 4818 cum
2435 4752 2764 4817 internodio
2795 4753 2962 4815 rami
2981 4753 3195 4832 infimo
