<?xml version="1.0" encoding="UTF-8"?>
<!DOCTYPE html PUBLIC "-//W3C//DTD XHTML 1.0 Transitional//EN"
    "http://www.w3.org/TR/xhtml1/DTD/xhtml1-transitional.dtd">
<html xmlns="http://www.w3.org/1999/xhtml" xml:lang="en" lang="en">
 <head>
  <title>
</title>
<meta http-equiv="Content-Type" content="text/html;charset=utf-8" />
  <meta name='ocr-system' content='tesseract 3.04.00' />
  <meta name='ocr-capabilities' content='ocr_page ocr_carea ocr_par ocr_line ocrx_word'/>
</head>
<body>
  <div class='ocr_page' id='page_1' title='image "./filiceseuropaee00mildgoog_0036.png"; bbox 0 0 3509 5267; ppageno 0'>
   <div class='ocr_carea' id='block_1_1' title="bbox 573 237 2070 314">
    <p class='ocr_par' dir='ltr' id='par_1_1' title="bbox 573 237 2070 314">
     <span class='ocr_line' id='line_1_1' title="bbox 573 237 2070 314; baseline -0.005 -13"><span class='ocrx_word' id='word_1_1' title='bbox 573 237 657 301; x_wconf 80' lang='lat'>26</span> <span class='ocrx_word' id='word_1_2' title='bbox 1494 293 1503 301; x_wconf 88' lang='lat'><strong>.</strong></span> <span class='ocrx_word' id='word_1_3' title='bbox 1665 238 2070 314; x_wconf 81' lang='lat' dir='ltr'>Polypodieae.</span> 
     </span>
    </p>
   </div>
   <div class='ocr_carea' id='block_1_2' title="bbox 578 404 3167 694">
    <p class='ocr_par' dir='ltr' id='par_1_2' title="bbox 578 404 3167 694">
     <span class='ocr_line' id='line_1_2' title="bbox 578 404 3167 488; baseline -0.002 -18"><span class='ocrx_word' id='word_1_4' title='bbox 578 411 763 471; x_wconf 83' lang='lat' dir='ltr'>limae</span> <span class='ocrx_word' id='word_1_5' title='bbox 808 416 980 471; x_wconf 85' lang='lat' dir='ltr'>sunt.</span> <span class='ocrx_word' id='word_1_6' title='bbox 1091 410 1292 481; x_wconf 89' lang='lat' dir='ltr'>Quam</span> <span class='ocrx_word' id='word_1_7' title='bbox 1342 407 1498 468; x_wconf 88' lang='lat' dir='ltr'>levis</span> <span class='ocrx_word' id='word_1_8' title='bbox 1553 409 1855 468; x_wconf 83' lang='lat' dir='ltr'>momenti</span> <span class='ocrx_word' id='word_1_9' title='bbox 1907 405 2186 468; x_wconf 82' lang='lat' dir='ltr'>foveolae</span> <span class='ocrx_word' id='word_1_10' title='bbox 2238 404 2381 468; x_wconf 86' lang='lat' dir='ltr'>illae</span> <span class='ocrx_word' id='word_1_11' title='bbox 2439 406 2503 466; x_wconf 91' lang='lat' dir='ltr'>in</span> <span class='ocrx_word' id='word_1_12' title='bbox 2557 404 2780 488; x_wconf 79' lang='lat' dir='ltr'>pagina</span> <span class='ocrx_word' id='word_1_13' title='bbox 2842 406 3167 485; x_wconf 72' lang='lat' dir='ltr'><strong>superiore</strong></span> 
     </span>
     <span class='ocr_line' id='line_1_3' title="bbox 579 505 3167 590; baseline -0.002 -14"><span class='ocrx_word' id='word_1_14' title='bbox 579 513 907 576; x_wconf 69' lang='lat' dir='ltr'>varietatis</span> <span class='ocrx_word' id='word_1_15' title='bbox 936 510 1388 575; x_wconf 74' lang='lat' dir='ltr'>acrostichoidis</span> <span class='ocrx_word' id='word_1_16' title='bbox 1430 510 1581 589; x_wconf 84' lang='lat' dir='ltr'>sint,</span> <span class='ocrx_word' id='word_1_17' title='bbox 1635 529 1716 572; x_wconf 77' lang='lat' dir='ltr'>ex</span> <span class='ocrx_word' id='word_1_18' title='bbox 1745 505 1867 571; x_wconf 89' lang='lat' dir='ltr'>hoc</span> <span class='ocrx_word' id='word_1_19' title='bbox 1895 505 2372 589; x_wconf 78' lang='lat' dir='ltr'>intelligendum</span> <span class='ocrx_word' id='word_1_20' title='bbox 2406 515 2521 585; x_wconf 84' lang='lat' dir='ltr'>est,</span> <span class='ocrx_word' id='word_1_21' title='bbox 2573 506 2743 588; x_wconf 88' lang='lat' dir='ltr'>quod</span> <span class='ocrx_word' id='word_1_22' title='bbox 2773 526 2888 570; x_wconf 82' lang='lat' dir='ltr'>eae</span> <span class='ocrx_word' id='word_1_23' title='bbox 2916 527 3167 590; x_wconf 87' lang='lat' dir='ltr'>quoque</span> 
     </span>
     <span class='ocr_line' id='line_1_4' title="bbox 578 609 2485 694; baseline -0.001 -18"><span class='ocrx_word' id='word_1_24' title='bbox 578 616 642 676; x_wconf 93' lang='lat' dir='ltr'>in</span> <span class='ocrx_word' id='word_1_25' title='bbox 673 616 980 677; x_wconf 83' lang='lat' dir='ltr'>varietate</span> <span class='ocrx_word' id='word_1_26' title='bbox 1010 614 1413 677; x_wconf 74' lang='lat' dir='ltr'>Brunoniana</span> <span class='ocrx_word' id='word_1_27' title='bbox 1442 613 1812 694; x_wconf 83' lang='lat' dir='ltr'>saepissime</span> <span class='ocrx_word' id='word_1_28' title='bbox 1844 609 2280 675; x_wconf 79' lang='lat' dir='ltr'>observandae</span> <span class='ocrx_word' id='word_1_29' title='bbox 2312 619 2485 674; x_wconf 87' lang='lat' dir='ltr'>sunt.</span> 
     </span>
    </p>
   </div>
   <div class='ocr_carea' id='block_1_3' title="bbox 551 745 3166 1146">
    <p class='ocr_par' dir='ltr' id='par_1_3' title="bbox 551 745 3166 1146">
     <span class='ocr_line' id='line_1_5' title="bbox 665 745 3164 836; baseline -0 -23"><span class='ocrx_word' id='word_1_30' title='bbox 665 755 725 814; x_wconf 88' lang='lat'>3.</span> <span class='ocrx_word' id='word_1_31' title='bbox 798 749 1217 814; x_wconf 85' lang='lat' dir='ltr'>Allosorus</span> <span class='ocrx_word' id='word_1_32' title='bbox 1270 745 1718 836; x_wconf 82' lang='lat' dir='ltr'>sitche&#39;nsis</span> <span class='ocrx_word' id='word_1_33' title='bbox 1772 750 1965 831; x_wconf 80' lang='lat' dir='ltr'>Rupr.</span> <span class='ocrx_word' id='word_1_34' title='bbox 2023 749 2214 810; x_wconf 87' lang='lat' dir='ltr'>Beitr.</span> <span class='ocrx_word' id='word_1_35' title='bbox 2270 748 2371 809; x_wconf 91' lang='lat'>111.</span> <span class='ocrx_word' id='word_1_36' title='bbox 2429 767 2496 829; x_wconf 91' lang='lat' dir='ltr'>p.</span> <span class='ocrx_word' id='word_1_37' title='bbox 2553 749 2627 810; x_wconf 86' lang='grc'><strong>47</strong></span> <span class='ocrx_word' id='word_1_38' title='bbox 2686 767 2936 831; x_wconf 87' lang='lat' dir='ltr'>quoque</span> <span class='ocrx_word' id='word_1_39' title='bbox 2991 761 3164 812; x_wconf 86' lang='lat' dir='ltr'>certo</span> 
     </span>
     <span class='ocr_line' id='line_1_6' title="bbox 575 851 3166 937; baseline -0.001 -18"><span class='ocrx_word' id='word_1_40' title='bbox 575 856 868 937; x_wconf 87' lang='lat' dir='ltr'>specifice</span> <span class='ocrx_word' id='word_1_41' title='bbox 898 875 1024 918; x_wconf 88' lang='lat' dir='ltr'>non</span> <span class='ocrx_word' id='word_1_42' title='bbox 1056 855 1267 918; x_wconf 83' lang='lat' dir='ltr'>differt</span> <span class='ocrx_word' id='word_1_43' title='bbox 1297 855 1378 916; x_wconf 87' lang='lat' dir='ltr'>ab</span> <span class='ocrx_word' id='word_1_44' title='bbox 1402 851 1475 915; x_wconf 83' lang='lat' dir='ltr'>A.</span> <span class='ocrx_word' id='word_1_45' title='bbox 1506 855 1746 934; x_wconf 88' lang='lat' dir='ltr'>crispo:</span> <span class='ocrx_word' id='word_1_46' title='bbox 1791 856 2012 915; x_wconf 85' lang='lat' dir='ltr'>»Frons</span> <span class='ocrx_word' id='word_1_47' title='bbox 2045 851 2541 933; x_wconf 78' lang='lat' dir='ltr'>subtripinnata,</span> <span class='ocrx_word' id='word_1_48' title='bbox 2581 853 2882 933; x_wconf 90' lang='lat' dir='ltr'>pinnulae</span> <span class='ocrx_word' id='word_1_49' title='bbox 2914 853 3166 917; x_wconf 82' lang='lat' dir='ltr'>steriles</span> 
     </span>
     <span class='ocr_line' id='line_1_7' title="bbox 575 954 3158 1041; baseline -0.001 -20"><span class='ocrx_word' id='word_1_50' title='bbox 575 961 893 1041; x_wconf 79' lang='lat' dir='ltr'>minimae,</span> <span class='ocrx_word' id='word_1_51' title='bbox 946 959 1269 1021; x_wconf 88' lang='lat' dir='ltr'>tertiariae</span> <span class='ocrx_word' id='word_1_52' title='bbox 1302 957 1541 1021; x_wconf 89' lang='lat' dir='ltr'>minute</span> <span class='ocrx_word' id='word_1_53' title='bbox 1573 955 2016 1035; x_wconf 78' lang='lat' dir='ltr'>denticulatae,</span> <span class='ocrx_word' id='word_1_54' title='bbox 2067 956 2265 1019; x_wconf 90' lang='lat' dir='ltr'>foveis</span> <span class='ocrx_word' id='word_1_55' title='bbox 2298 956 2750 1038; x_wconf 78' lang='lat' dir='ltr'><strong>marginalibus</strong></span> <span class='ocrx_word' id='word_1_56' title='bbox 2791 954 3158 1037; x_wconf 87' lang='lat' dir='ltr'>destitutae,</span> 
     </span>
     <span class='ocr_line' id='line_1_8' title="bbox 551 1059 3163 1146; baseline -0.003 -16"><span class='ocrx_word' id='word_1_57' title='bbox 551 1064 814 1130; x_wconf 81' lang='lat' dir='ltr'>,fertiles</span> <span class='ocrx_word' id='word_1_58' title='bbox 861 1064 1141 1146; x_wconf 79' lang='lat' dir='ltr'>margine</span> <span class='ocrx_word' id='word_1_59' title='bbox 1183 1081 1435 1142; x_wconf 81' lang='lat' dir='ltr'>semper</span> <span class='ocrx_word' id='word_1_60' title='bbox 1477 1060 1540 1145; x_wconf 61' lang='lat'>(7)</span> <span class='ocrx_word' id='word_1_61' title='bbox 1582 1062 1935 1140; x_wconf 87' lang='lat' dir='ltr'>involutae,</span> <span class='ocrx_word' id='word_1_62' title='bbox 1990 1059 2437 1124; x_wconf 78' lang='lat' dir='ltr'>condensatae.</span> <span class='ocrx_word' id='word_1_63' title='bbox 2520 1061 2735 1125; x_wconf 90' lang='lat' dir='ltr'>Sitcha</span> <span class='ocrx_word' id='word_1_64' title='bbox 2793 1059 3163 1145; x_wconf 74' lang='lat' dir='ltr'>(Mertens).«</span> 
     </span>
    </p>
   </div>
   <div class='ocr_carea' id='block_1_4' title="bbox 574 1169 937 1251">
    <p class='ocr_par' dir='ltr' id='par_1_4' title="bbox 574 1169 937 1251">
     <span class='ocr_line' id='line_1_9' title="bbox 574 1169 937 1251; baseline 0 -21"><span class='ocrx_word' id='word_1_65' title='bbox 574 1171 765 1251; x_wconf 80' lang='lat' dir='ltr'>Rupr.</span> <span class='ocrx_word' id='word_1_66' title='bbox 804 1169 845 1230; x_wconf 90' lang='lat' dir='ltr'>l.</span> <span class='ocrx_word' id='word_1_67' title='bbox 883 1187 937 1230; x_wconf 89' lang='lat' dir='ltr'>c.</span> 
     </span>
    </p>
   </div>
   <div class='ocr_carea' id='block_1_5' title="bbox 578 1283 3157 1473">
    <p class='ocr_par' dir='ltr' id='par_1_5' title="bbox 578 1283 3157 1473">
     <span class='ocr_line' id='line_1_10' title="bbox 663 1283 3157 1370; baseline -0 -20"><span class='ocrx_word' id='word_1_68' title='bbox 663 1291 723 1351; x_wconf 98' lang='grc'>4.</span> <span class='ocrx_word' id='word_1_69' title='bbox 753 1293 920 1351; x_wconf 61' lang='lat' dir='ltr'>war.</span> <span class='ocrx_word' id='word_1_70' title='bbox 973 1286 1307 1351; x_wconf 90' lang='lat' dir='ltr'>Stelleri</span> <span class='ocrx_word' id='word_1_71' title='bbox 1338 1288 1530 1368; x_wconf 84' lang='lat' dir='ltr'>Rupr.</span> <span class='ocrx_word' id='word_1_72' title='bbox 1568 1285 1801 1347; x_wconf 87' lang='lat' dir='ltr'>Beitr.</span> <span class='ocrx_word' id='word_1_73' title='bbox 1837 1287 1934 1348; x_wconf 89' lang='lat' dir='ltr'>Ill.</span> <span class='ocrx_word' id='word_1_74' title='bbox 1980 1286 2221 1370; x_wconf 75' lang='grc'><strong>(4845.)</strong></span> <span class='ocrx_word' id='word_1_75' title='bbox 2274 1305 2339 1367; x_wconf 89' lang='lat' dir='ltr'><strong>p.</strong></span> <span class='ocrx_word' id='word_1_76' title='bbox 2381 1285 2482 1348; x_wconf 87' lang='grc'>47.</span> <span class='ocrx_word' id='word_1_77' title='bbox 2523 1319 2598 1331; x_wconf 88' lang='grc'>-</span> <span class='ocrx_word' id='word_1_78' title='bbox 2648 1287 2849 1350; x_wconf 84' lang='lat' dir='ltr'>Moore</span> <span class='ocrx_word' id='word_1_79' title='bbox 2892 1283 3029 1349; x_wconf 92' lang='lat' dir='ltr'>Ind.</span> <span class='ocrx_word' id='word_1_80' title='bbox 3068 1286 3157 1349; x_wconf 79' lang='lat' dir='ltr'>fll.</span> 
     </span>
     <span class='ocr_line' id='line_1_11' title="bbox 578 1389 2082 1473; baseline -0.003 -19"><span class='ocrx_word' id='word_1_81' title='bbox 578 1412 640 1473; x_wconf 89' lang='lat' dir='ltr'><strong>p.</strong></span> <span class='ocrx_word' id='word_1_82' title='bbox 679 1395 781 1454; x_wconf 89' lang='grc'>46.</span> <span class='ocrx_word' id='word_1_83' title='bbox 820 1427 904 1440; x_wconf 93' lang='grc'><strong>-</strong></span> <span class='ocrx_word' id='word_1_84' title='bbox 949 1390 1170 1456; x_wconf 79' lang='lat' dir='ltr'>Ledeb.</span> <span class='ocrx_word' id='word_1_85' title='bbox 1208 1391 1295 1453; x_wconf 88' lang='lat' dir='ltr'>Fl.</span> <span class='ocrx_word' id='word_1_86' title='bbox 1333 1391 1508 1452; x_wconf 86' lang='lat' dir='ltr'>Ross.</span> <span class='ocrx_word' id='word_1_87' title='bbox 1546 1409 1610 1470; x_wconf 93' lang='lat' dir='ltr'>p.</span> <span class='ocrx_word' id='word_1_88' title='bbox 1651 1389 1798 1452; x_wconf 77' lang='grc'><strong>526.</strong></span> <span class='ocrx_word' id='word_1_89' title='bbox 2077 1395 2082 1400; x_wconf 80' lang='grc'><strong><em>’</em></strong></span> 
     </span>
    </p>
   </div>
   <div class='ocr_carea' id='block_1_6' title="bbox 571 1490 3219 2216">
    <p class='ocr_par' dir='ltr' id='par_1_6' title="bbox 571 1490 3219 2216">
     <span class='ocr_line' id='line_1_12' title="bbox 746 1490 3156 1596; baseline -0 -22"><span class='ocrx_word' id='word_1_90' title='bbox 746 1490 894 1592; x_wconf 75' lang='lat' dir='ltr'>Syn.</span> <span class='ocrx_word' id='word_1_91' title='bbox 977 1515 1046 1575; x_wconf 87' lang='grc' dir='ltr'><strong>Α.</strong></span> <span class='ocrx_word' id='word_1_92' title='bbox 1083 1514 1368 1577; x_wconf 89' lang='lat' dir='ltr'>minutus</span> <span class='ocrx_word' id='word_1_93' title='bbox 1405 1514 1618 1575; x_wconf 82' lang='lat' dir='ltr'>Turcz.</span> <span class='ocrx_word' id='word_1_94' title='bbox 1658 1512 1746 1592; x_wconf 90' lang='lat' dir='ltr'>pl.</span> <span class='ocrx_word' id='word_1_95' title='bbox 1787 1530 1923 1573; x_wconf 77' lang='lat' dir='ltr'>exe.</span> <span class='ocrx_word' id='word_1_96' title='bbox 1968 1513 2237 1574; x_wconf 81' lang='lat' dir='ltr'>Trauttv.</span> <span class='ocrx_word' id='word_1_97' title='bbox 2277 1510 2461 1592; x_wconf 79' lang='lat' dir='ltr'>imag.</span> <span class='ocrx_word' id='word_1_98' title='bbox 2502 1512 2591 1574; x_wconf 91' lang='lat' dir='ltr'>Fl.</span> <span class='ocrx_word' id='word_1_99' title='bbox 2622 1513 2797 1575; x_wconf 85' lang='lat' dir='ltr'>Ross.</span> <span class='ocrx_word' id='word_1_100' title='bbox 2837 1529 2898 1596; x_wconf 87' lang='lat' dir='ltr'>p.</span> <span class='ocrx_word' id='word_1_101' title='bbox 2924 1514 2985 1574; x_wconf 84' lang='lat'>9.</span> <span class='ocrx_word' id='word_1_102' title='bbox 3024 1523 3067 1575; x_wconf 90' lang='lat' dir='ltr'>t.</span> <span class='ocrx_word' id='word_1_103' title='bbox 3094 1515 3156 1573; x_wconf 84' lang='lat'>3.</span> 
     </span>
     <span class='ocr_line' id='line_1_13' title="bbox 575 1611 3219 1710; baseline -0.001 -32"><span class='ocrx_word' id='word_1_104' title='bbox 575 1627 640 1678; x_wconf 90' lang='lat' dir='ltr'>et</span> <span class='ocrx_word' id='word_1_105' title='bbox 668 1617 887 1679; x_wconf 82' lang='lat' dir='ltr'>Bullet.</span> <span class='ocrx_word' id='word_1_106' title='bbox 922 1616 1060 1678; x_wconf 88' lang='lat' dir='ltr'>Soc.</span> <span class='ocrx_word' id='word_1_107' title='bbox 1099 1616 1324 1700; x_wconf 87' lang='lat' dir='ltr'>imper.</span> <span class='ocrx_word' id='word_1_108' title='bbox 1362 1616 1642 1710; x_wconf 75' lang='lat' dir='ltr'>Natural.</span> <span class='ocrx_word' id='word_1_109' title='bbox 1679 1618 1949 1680; x_wconf 84' lang='lat' dir='ltr'>Moscou.</span> <span class='ocrx_word' id='word_1_110' title='bbox 1995 1611 2234 1699; x_wconf 87' lang='grc'><strong>(4856.)</strong></span> <span class='ocrx_word' id='word_1_111' title='bbox 2276 1615 2380 1682; x_wconf 85' lang='lat' dir='ltr'>Nr.</span> <span class='ocrx_word' id='word_1_112' title='bbox 2423 1616 2480 1677; x_wconf 91' lang='grc'>4.</span> <span class='ocrx_word' id='word_1_113' title='bbox 2519 1636 2660 1699; x_wconf 82' lang='lat' dir='ltr'>pag.</span> <span class='ocrx_word' id='word_1_114' title='bbox 2700 1617 2804 1679; x_wconf 87' lang='lat'>78.</span> <span class='ocrx_word' id='word_1_115' title='bbox 2838 1651 2922 1661; x_wconf 89' lang='lat'>—</span> <span class='ocrx_word' id='word_1_116' title='bbox 2968 1617 3162 1678; x_wconf 87' lang='lat' dir='ltr'>Pteris</span> <span class='ocrx_word' id='word_1_117' title='bbox 3212 1684 3219 1690; x_wconf 48' lang='lat'>‚</span> 
     </span>
     <span class='ocr_line' id='line_1_14' title="bbox 575 1718 3153 1784; baseline -0.002 0"><span class='ocrx_word' id='word_1_118' title='bbox 575 1722 815 1784; x_wconf 86' lang='lat' dir='ltr'>minut-a</span> <span class='ocrx_word' id='word_1_119' title='bbox 855 1723 1072 1784; x_wconf 81' lang='lat' dir='ltr'>Turcz.</span> <span class='ocrx_word' id='word_1_120' title='bbox 1114 1729 1236 1783; x_wconf 89' lang='lat' dir='ltr'>cat.</span> <span class='ocrx_word' id='word_1_121' title='bbox 1275 1719 1441 1782; x_wconf 86' lang='lat' dir='ltr'>Baio.</span> <span class='ocrx_word' id='word_1_122' title='bbox 1478 1720 1636 1782; x_wconf 89' lang='lat' dir='ltr'>Dab.</span> <span class='ocrx_word' id='word_1_123' title='bbox 1675 1721 1784 1781; x_wconf 90' lang='lat' dir='ltr'>No.</span> <span class='ocrx_word' id='word_1_124' title='bbox 1811 1721 1973 1781; x_wconf 87' lang='grc'><strong>4346</strong></span> <span class='ocrx_word' id='word_1_125' title='bbox 2010 1718 2052 1779; x_wconf 91' lang='lat' dir='ltr'>f.</span> <span class='ocrx_word' id='word_1_126' title='bbox 2083 1738 2136 1780; x_wconf 91' lang='lat' dir='ltr'>s.</span> <span class='ocrx_word' id='word_1_127' title='bbox 2164 1739 2221 1780; x_wconf 93' lang='lat' dir='ltr'>o.</span> <span class='ocrx_word' id='word_1_128' title='bbox 2251 1754 2333 1766; x_wconf 89' lang='lat'>—-</span> <span class='ocrx_word' id='word_1_129' title='bbox 2365 1720 2459 1784; x_wconf 93' lang='lat' dir='ltr'>Pt.</span> <span class='ocrx_word' id='word_1_130' title='bbox 2501 1720 2751 1782; x_wconf 90' lang='lat' dir='ltr'>Stelleri</span> <span class='ocrx_word' id='word_1_131' title='bbox 2784 1720 2946 1781; x_wconf 86' lang='lat' dir='ltr'><strong>S.G.</strong></span> <span class='ocrx_word' id='word_1_132' title='bbox 2970 1719 3153 1780; x_wconf 86' lang='lat' dir='ltr'>Gmel.</span> 
     </span>
     <span class='ocr_line' id='line_1_15' title="bbox 572 1822 3155 1906; baseline -0.001 -21"><span class='ocrx_word' id='word_1_133' title='bbox 572 1826 634 1887; x_wconf 90' lang='lat' dir='ltr'>in</span> <span class='ocrx_word' id='word_1_134' title='bbox 682 1843 830 1885; x_wconf 87' lang='lat' dir='ltr'>nov.</span> <span class='ocrx_word' id='word_1_135' title='bbox 871 1824 1221 1887; x_wconf 75' lang='lat' dir='ltr'>Commeat.</span> <span class='ocrx_word' id='word_1_136' title='bbox 1258 1825 1506 1903; x_wconf 88' lang='lat' dir='ltr'>Petrop.</span> <span class='ocrx_word' id='word_1_137' title='bbox 1552 1824 1677 1885; x_wconf 87' lang='grc' dir='ltr'><strong>ΧΠ.</strong></span> <span class='ocrx_word' id='word_1_138' title='bbox 1729 1843 1795 1904; x_wconf 92' lang='lat' dir='ltr'>p.</span> <span class='ocrx_word' id='word_1_139' title='bbox 1837 1825 1982 1885; x_wconf 83' lang='grc'><strong>549.</strong></span> <span class='ocrx_word' id='word_1_140' title='bbox 2033 1857 2109 1869; x_wconf 91' lang='grc'>-</span> <span class='ocrx_word' id='word_1_141' title='bbox 2163 1824 2261 1884; x_wconf 84' lang='lat' dir='ltr'>Pt.</span> <span class='ocrx_word' id='word_1_142' title='bbox 2314 1823 2562 1906; x_wconf 78' lang='lat' dir='ltr'>gracilis</span> <span class='ocrx_word' id='word_1_143' title='bbox 2593 1823 2826 1886; x_wconf 75' lang='lat' dir='ltr'>Michoe.</span> <span class='ocrx_word' id='word_1_144' title='bbox 2879 1822 2965 1883; x_wconf 87' lang='lat' dir='ltr'>Fl.</span> <span class='ocrx_word' id='word_1_145' title='bbox 3015 1822 3155 1883; x_wconf 86' lang='lat' dir='ltr'>bor.</span> 
     </span>
     <span class='ocr_line' id='line_1_16' title="bbox 571 1923 3163 2009; baseline -0.001 -21"><span class='ocrx_word' id='word_1_146' title='bbox 571 1925 782 1988; x_wconf 79' lang='lat' dir='ltr'>Amer.</span> <span class='ocrx_word' id='word_1_147' title='bbox 816 1927 888 1988; x_wconf 92' lang='lat' dir='ltr'>Il.</span> <span class='ocrx_word' id='word_1_148' title='bbox 935 1924 982 2007; x_wconf 94' lang='grc'><strong>(4</strong></span> <span class='ocrx_word' id='word_1_149' title='bbox 1001 1924 1174 2007; x_wconf 89' lang='grc'><strong>803.)</strong></span> <span class='ocrx_word' id='word_1_150' title='bbox 1215 1945 1281 2007; x_wconf 91' lang='lat' dir='ltr'>p.</span> <span class='ocrx_word' id='word_1_151' title='bbox 1318 1926 1466 1989; x_wconf 89' lang='grc'><strong>262.</strong></span> <span class='ocrx_word' id='word_1_152' title='bbox 1519 1936 1580 1989; x_wconf 89' lang='lat' dir='ltr'>et</span> <span class='ocrx_word' id='word_1_153' title='bbox 1618 1926 1820 1990; x_wconf 81' lang='lat' dir='ltr'>Willd.</span> <span class='ocrx_word' id='word_1_154' title='bbox 1860 1928 1969 2008; x_wconf 90' lang='lat' dir='ltr'>Sp.</span> <span class='ocrx_word' id='word_1_155' title='bbox 2007 1927 2094 2009; x_wconf 90' lang='lat' dir='ltr'>pl.</span> <span class='ocrx_word' id='word_1_156' title='bbox 2130 1929 2203 1989; x_wconf 90' lang='lat' dir='ltr'>V.</span> <span class='ocrx_word' id='word_1_157' title='bbox 2252 1923 2486 2009; x_wconf 85' lang='grc'><strong>(4840.)</strong></span> <span class='ocrx_word' id='word_1_158' title='bbox 2540 1945 2606 2007; x_wconf 90' lang='lat' dir='ltr'><strong>p.</strong></span> <span class='ocrx_word' id='word_1_159' title='bbox 2646 1927 2791 1988; x_wconf 88' lang='grc'><strong>376.</strong></span> <span class='ocrx_word' id='word_1_160' title='bbox 2835 1961 2912 1971; x_wconf 84' lang='grc'><strong>-</strong></span> <span class='ocrx_word' id='word_1_161' title='bbox 2967 1926 3163 1989; x_wconf 87' lang='lat' dir='ltr'>Chei-</span> 
     </span>
     <span class='ocr_line' id='line_1_17' title="bbox 573 2017 3162 2114; baseline 0 -23"><span class='ocrx_word' id='word_1_162' title='bbox 573 2031 818 2092; x_wconf 87' lang='lat' dir='ltr'>lanthes</span> <span class='ocrx_word' id='word_1_163' title='bbox 871 2028 1078 2111; x_wconf 81' lang='lat' dir='ltr'>Kaulf.</span> <span class='ocrx_word' id='word_1_164' title='bbox 1143 2030 1368 2090; x_wconf 90' lang='lat' dir='ltr'>Enum.</span> <span class='ocrx_word' id='word_1_165' title='bbox 1430 2030 1517 2091; x_wconf 91' lang='lat' dir='ltr'>fil.</span> <span class='ocrx_word' id='word_1_166' title='bbox 1584 2027 1826 2112; x_wconf 83' lang='grc'><strong>(4824.)</strong></span> <span class='ocrx_word' id='word_1_167' title='bbox 1887 2049 1952 2114; x_wconf 88' lang='lat' dir='ltr'><strong>p.</strong></span> <span class='ocrx_word' id='word_1_168' title='bbox 1993 2019 2141 2092; x_wconf 75' lang='lat'><strong>209.</strong></span> <span class='ocrx_word' id='word_1_169' title='bbox 2202 2063 2288 2075; x_wconf 92' lang='lat'><em>-</em></span> <span class='ocrx_word' id='word_1_170' title='bbox 2348 2017 2857 2114; x_wconf 81' lang='lat' dir='ltr'>Cryptogramma</span> <span class='ocrx_word' id='word_1_171' title='bbox 2914 2029 3162 2111; x_wconf 84' lang='lat' dir='ltr'>gracilis</span> 
     </span>
     <span class='ocr_line' id='line_1_18' title="bbox 581 2130 1225 2216; baseline -0.003 -21"><span class='ocrx_word' id='word_1_172' title='bbox 581 2136 802 2216; x_wconf 74' lang='lat' dir='ltr'>Torrey</span> <span class='ocrx_word' id='word_1_173' title='bbox 834 2130 961 2194; x_wconf 89' lang='lat' dir='ltr'>fide</span> <span class='ocrx_word' id='word_1_174' title='bbox 991 2131 1225 2195; x_wconf 80' lang='lat' dir='ltr'>Kunze.</span> 
     </span>
    </p>
   </div>
   <div class='ocr_carea' id='block_1_7' title="bbox 739 2252 2742 2338">
    <p class='ocr_par' dir='ltr' id='par_1_7' title="bbox 739 2252 2742 2338">
     <span class='ocr_line' id='line_1_19' title="bbox 739 2252 2742 2338; baseline -0 -20"><span class='ocrx_word' id='word_1_175' title='bbox 739 2256 919 2319; x_wconf 84' lang='lat' dir='ltr'>Icon.</span> <span class='ocrx_word' id='word_1_176' title='bbox 1003 2253 1188 2316; x_wconf 84' lang='lat' dir='ltr'>Gmel.</span> <span class='ocrx_word' id='word_1_177' title='bbox 1225 2253 1270 2314; x_wconf 92' lang='lat' dir='ltr'>l.</span> <span class='ocrx_word' id='word_1_178' title='bbox 1309 2272 1375 2338; x_wconf 75' lang='lat' dir='ltr'>c.</span> <span class='ocrx_word' id='word_1_179' title='bbox 1417 2262 1462 2315; x_wconf 86' lang='lat' dir='ltr'>t.</span> <span class='ocrx_word' id='word_1_180' title='bbox 1500 2254 1629 2316; x_wconf 90' lang='lat' dir='ltr'><strong>XII.</strong></span> <span class='ocrx_word' id='word_1_181' title='bbox 1680 2252 1725 2318; x_wconf 88' lang='lat' dir='ltr'>f.</span> <span class='ocrx_word' id='word_1_182' title='bbox 1768 2256 1828 2316; x_wconf 90' lang='grc'>4.</span> <span class='ocrx_word' id='word_1_183' title='bbox 1867 2288 1945 2300; x_wconf 91' lang='grc'>--</span> <span class='ocrx_word' id='word_1_184' title='bbox 1999 2253 2450 2322; x_wconf 68' lang='grc' dir='ltr'>ΤναιιιυειιενἸ.</span> <span class='ocrx_word' id='word_1_185' title='bbox 2489 2274 2547 2319; x_wconf 89' lang='lat' dir='ltr'>c.</span> <span class='ocrx_word' id='word_1_186' title='bbox 2597 2264 2644 2318; x_wconf 91' lang='lat' dir='ltr'>t.</span> <span class='ocrx_word' id='word_1_187' title='bbox 2684 2258 2742 2318; x_wconf 88' lang='grc'><strong>3.</strong></span> 
     </span>
    </p>
   </div>
   <div class='ocr_carea' id='block_1_8' title="bbox 517 2374 3159 3402">
    <p class='ocr_par' dir='ltr' id='par_1_8' title="bbox 568 2374 3156 2767">
     <span class='ocr_line' id='line_1_20' title="bbox 738 2374 3155 2459; baseline -0 -19"><span class='ocrx_word' id='word_1_188' title='bbox 738 2376 906 2440; x_wconf 69' lang='lat' dir='ltr'>aab.</span> <span class='ocrx_word' id='word_1_189' title='bbox 979 2378 1047 2438; x_wconf 90' lang='lat' dir='ltr'>In</span> <span class='ocrx_word' id='word_1_190' title='bbox 1078 2375 1330 2458; x_wconf 81' lang='lat' dir='ltr'><strong>alpibus</strong></span> <span class='ocrx_word' id='word_1_191' title='bbox 1358 2375 1833 2438; x_wconf 89' lang='lat' dir='ltr'>Baicalensibus</span> <span class='ocrx_word' id='word_1_192' title='bbox 1866 2374 2363 2438; x_wconf 89' lang='lat' dir='ltr'>occidentalibus</span> <span class='ocrx_word' id='word_1_193' title='bbox 2392 2396 2456 2438; x_wconf 84' lang='lat' dir='ltr'>v.</span> <span class='ocrx_word' id='word_1_194' title='bbox 2490 2397 2582 2459; x_wconf 82' lang='lat' dir='ltr'>gr.</span> <span class='ocrx_word' id='word_1_195' title='bbox 2620 2376 2862 2439; x_wconf 84' lang='lat' dir='ltr'>Nuchu.</span> <span class='ocrx_word' id='word_1_196' title='bbox 2913 2377 3155 2457; x_wconf 86' lang='lat' dir='ltr'>Daban,</span> 
     </span>
     <span class='ocr_line' id='line_1_21' title="bbox 569 2477 3153 2568; baseline -0 -26"><span class='ocrx_word' id='word_1_197' title='bbox 569 2479 651 2542; x_wconf 89' lang='lat' dir='ltr'>ad</span> <span class='ocrx_word' id='word_1_198' title='bbox 701 2480 764 2541; x_wconf 89' lang='lat' dir='ltr'>ss.</span> <span class='ocrx_word' id='word_1_199' title='bbox 804 2480 976 2557; x_wconf 81' lang='lat' dir='ltr'>Oka3</span> <span class='ocrx_word' id='word_1_200' title='bbox 1043 2479 1221 2560; x_wconf 90' lang='lat' dir='ltr'>alpes</span> <span class='ocrx_word' id='word_1_201' title='bbox 1272 2479 1646 2557; x_wconf 87' lang='lat' dir='ltr'>Sajanenses</span> <span class='ocrx_word' id='word_1_202' title='bbox 1718 2477 2245 2561; x_wconf 73' lang='lat' dir='ltr'>(Turczaninow);</span> <span class='ocrx_word' id='word_1_203' title='bbox 2311 2480 2540 2542; x_wconf 88' lang='lat' dir='ltr'>Sibiria</span> <span class='ocrx_word' id='word_1_204' title='bbox 2588 2481 2909 2546; x_wconf 86' lang='lat' dir='ltr'>orientalis</span> <span class='ocrx_word' id='word_1_205' title='bbox 2952 2478 3034 2542; x_wconf 87' lang='lat' dir='ltr'>ad</span> <span class='ocrx_word' id='word_1_206' title='bbox 3089 2481 3153 2568; x_wconf 81' lang='lat' dir='ltr'>fl.</span> 
     </span>
     <span class='ocr_line' id='line_1_22' title="bbox 568 2580 3156 2668; baseline 0.001 -23"><span class='ocrx_word' id='word_1_207' title='bbox 568 2582 760 2661; x_wconf 89' lang='lat' dir='ltr'>Biala,</span> <span class='ocrx_word' id='word_1_208' title='bbox 804 2584 958 2644; x_wconf 87' lang='lat' dir='ltr'>Jana</span> <span class='ocrx_word' id='word_1_209' title='bbox 1006 2591 1071 2644; x_wconf 90' lang='lat' dir='ltr'>et</span> <span class='ocrx_word' id='word_1_210' title='bbox 1110 2580 1364 2644; x_wconf 87' lang='lat' dir='ltr'>Indoma</span> <span class='ocrx_word' id='word_1_211' title='bbox 1420 2580 1698 2665; x_wconf 77' lang='lat' dir='ltr'>(Steller).</span> <span class='ocrx_word' id='word_1_212' title='bbox 1750 2617 1836 2629; x_wconf 92' lang='lat'>--</span> <span class='ocrx_word' id='word_1_213' title='bbox 1896 2580 2105 2645; x_wconf 87' lang='lat' dir='ltr'>Amer.</span> <span class='ocrx_word' id='word_1_214' title='bbox 2141 2583 2282 2646; x_wconf 91' lang='lat' dir='ltr'>bor.</span> <span class='ocrx_word' id='word_1_215' title='bbox 2329 2619 2412 2632; x_wconf 90' lang='lat'>-</span> <span class='ocrx_word' id='word_1_216' title='bbox 2460 2582 2630 2647; x_wconf 80' lang='lat' dir='ltr'>India</span> <span class='ocrx_word' id='word_1_217' title='bbox 2675 2583 2859 2668; x_wconf 89' lang='lat' dir='ltr'>(teste</span> <span class='ocrx_word' id='word_1_218' title='bbox 2892 2584 3156 2668; x_wconf 70' lang='lat' dir='ltr'>M00r2);</span> 
     </span>
     <span class='ocr_line' id='line_1_23' title="bbox 571 2683 1354 2767; baseline -0.001 -19"><span class='ocrx_word' id='word_1_219' title='bbox 571 2688 848 2748; x_wconf 89' lang='lat' dir='ltr'>Kamaon</span> <span class='ocrx_word' id='word_1_220' title='bbox 889 2683 1028 2767; x_wconf 87' lang='lat' dir='ltr'>(Hb.</span> <span class='ocrx_word' id='word_1_221' title='bbox 1064 2685 1354 2766; x_wconf 75' lang='lat' dir='ltr'>Hoolcer).</span> 
     </span>
    </p>

    <p class='ocr_par' dir='ltr' id='par_1_9' title="bbox 517 2790 3159 3402">
     <span class='ocr_line' id='line_1_24' title="bbox 738 2790 3153 2872; baseline 0.001 -21"><span class='ocrx_word' id='word_1_222' title='bbox 738 2790 1032 2853; x_wconf 85' lang='lat' dir='ltr'>Rhizoma</span> <span class='ocrx_word' id='word_1_223' title='bbox 1092 2809 1323 2872; x_wconf 89' lang='lat' dir='ltr'>repens</span> <span class='ocrx_word' id='word_1_224' title='bbox 1384 2808 1720 2853; x_wconf 88' lang='lat' dir='ltr'>carnosum</span> <span class='ocrx_word' id='word_1_225' title='bbox 1782 2790 1986 2870; x_wconf 87' lang='lat' dir='ltr'>paleis</span> <span class='ocrx_word' id='word_1_226' title='bbox 2046 2791 2349 2854; x_wconf 82' lang='lat' dir='ltr'>tenuibus</span> <span class='ocrx_word' id='word_1_227' title='bbox 2413 2792 2753 2855; x_wconf 86' lang='lat' dir='ltr'>rarissimis</span> <span class='ocrx_word' id='word_1_228' title='bbox 2816 2793 3153 2868; x_wconf 86' lang='lat' dir='ltr'>vestitum;</span> 
     </span>
     <span class='ocr_line' id='line_1_25' title="bbox 560 2894 3152 2984; baseline 0 -26"><span class='ocrx_word' id='word_1_229' title='bbox 560 2897 782 2960; x_wconf 71' lang='lat' dir='ltr'>folium</span> <span class='ocrx_word' id='word_1_230' title='bbox 814 2905 1104 2959; x_wconf 89' lang='lat' dir='ltr'>tenerum</span> <span class='ocrx_word' id='word_1_231' title='bbox 1137 2894 1632 2977; x_wconf 90' lang='lat' dir='ltr'>tri-bipollicare</span> <span class='ocrx_word' id='word_1_232' title='bbox 1680 2896 1998 2958; x_wconf 78' lang='lat' dir='ltr'>rarissime</span> <span class='ocrx_word' id='word_1_233' title='bbox 2049 2900 2084 2958; x_wconf 93' lang='grc'><strong>6</strong></span> <span class='ocrx_word' id='word_1_234' title='bbox 2132 2897 2455 2984; x_wconf 78' lang='lat' dir='ltr'>pollicere,</span> <span class='ocrx_word' id='word_1_235' title='bbox 2508 2897 2783 2977; x_wconf 89' lang='lat' dir='ltr'>petiolus</span> <span class='ocrx_word' id='word_1_236' title='bbox 2832 2894 3152 2981; x_wconf 54' lang='lat'>⁴4*34”2</span> 
     </span>
     <span class='ocr_line' id='line_1_26' title="bbox 569 2991 3155 3086; baseline -0 -24"><span class='ocrx_word' id='word_1_237' title='bbox 569 3002 798 3064; x_wconf 87' lang='lat' dir='ltr'>lamina</span> <span class='ocrx_word' id='word_1_238' title='bbox 835 2996 1275 3086; x_wconf 45' lang='lat'>4—43—24&#39;(</span> <span class='ocrx_word' id='word_1_239' title='bbox 1313 3001 1515 3080; x_wconf 82' lang='lat' dir='ltr'>longa,</span> <span class='ocrx_word' id='word_1_240' title='bbox 1577 2998 1850 3060; x_wconf 67' lang='lat' dir='ltr'>ovata‘l.</span> <span class='ocrx_word' id='word_1_241' title='bbox 1907 3000 2275 3080; x_wconf 86' lang='lat' dir='ltr'>lanceolata,</span> <span class='ocrx_word' id='word_1_242' title='bbox 2331 2999 2587 3079; x_wconf 83' lang='lat' dir='ltr'>obtusa,</span> <span class='ocrx_word' id='word_1_243' title='bbox 2647 2991 3155 3078; x_wconf 70' lang='lat' dir='ltr'>membranacea,</span> 
     </span>
     <span class='ocr_line' id='line_1_27' title="bbox 566 3103 3154 3186; baseline 0 -20"><span class='ocrx_word' id='word_1_244' title='bbox 566 3105 938 3186; x_wconf 84' lang='lat' dir='ltr'>simpliciter</span> <span class='ocrx_word' id='word_1_245' title='bbox 968 3105 1011 3166; x_wconf 91' lang='lat' dir='ltr'>l.</span> <span class='ocrx_word' id='word_1_246' title='bbox 1049 3103 1576 3184; x_wconf 55' lang='lat' dir='ltr'>bipinnatisectaJ</span> <span class='ocrx_word' id='word_1_247' title='bbox 1636 3113 1959 3183; x_wconf 83' lang='lat' dir='ltr'>segmenta</span> <span class='ocrx_word' id='word_1_248' title='bbox 1991 3104 2035 3165; x_wconf 92' lang='lat'>1.</span> <span class='ocrx_word' id='word_1_249' title='bbox 2066 3105 2141 3166; x_wconf 93' lang='lat' dir='ltr'>O.</span> <span class='ocrx_word' id='word_1_250' title='bbox 2180 3105 2347 3165; x_wconf 86' lang='grc'><strong>4-6</strong></span> <span class='ocrx_word' id='word_1_251' title='bbox 2367 3105 2539 3184; x_wconf 80' lang='lat' dir='ltr'>juga,</span> <span class='ocrx_word' id='word_1_252' title='bbox 2578 3105 2787 3166; x_wconf 87' lang='lat' dir='ltr'>omnia</span> <span class='ocrx_word' id='word_1_253' title='bbox 2820 3103 3070 3180; x_wconf 79' lang='lat' dir='ltr'>fertilia,</span> <span class='ocrx_word' id='word_1_254' title='bbox 3109 3105 3154 3167; x_wconf 92' lang='lat' dir='ltr'>l.</span> 
     </span>
     <span class='ocr_line' id='line_1_28' title="bbox 565 3203 3159 3289; baseline 0 -21"><span class='ocrx_word' id='word_1_255' title='bbox 565 3210 770 3269; x_wconf 89' lang='lat' dir='ltr'>omnia</span> <span class='ocrx_word' id='word_1_256' title='bbox 806 3207 1042 3269; x_wconf 88' lang='lat' dir='ltr'>sterilia</span> <span class='ocrx_word' id='word_1_257' title='bbox 1075 3206 1119 3267; x_wconf 96' lang='lat' dir='ltr'>l.</span> <span class='ocrx_word' id='word_1_258' title='bbox 1149 3208 1473 3288; x_wconf 89' lang='lat' dir='ltr'>superiora</span> <span class='ocrx_word' id='word_1_259' title='bbox 1507 3205 1754 3284; x_wconf 83' lang='lat' dir='ltr'>fertilia,</span> <span class='ocrx_word' id='word_1_260' title='bbox 1797 3207 2086 3269; x_wconf 82' lang='lat' dir='ltr'>inferiora</span> <span class='ocrx_word' id='word_1_261' title='bbox 2121 3206 2380 3282; x_wconf 85' lang='lat' dir='ltr'>sterilia;</span> <span class='ocrx_word' id='word_1_262' title='bbox 2417 3203 2575 3269; x_wconf 90' lang='lat' dir='ltr'>haec</span> <span class='ocrx_word' id='word_1_263' title='bbox 2604 3227 2640 3269; x_wconf 91' lang='lat' dir='ltr'>e</span> <span class='ocrx_word' id='word_1_264' title='bbox 2670 3207 2808 3272; x_wconf 88' lang='lat' dir='ltr'>basi</span> <span class='ocrx_word' id='word_1_265' title='bbox 2839 3208 3159 3289; x_wconf 88' lang='lat' dir='ltr'>inaequali</span> 
     </span>
     <span class='ocr_line' id='line_1_29' title="bbox 517 3308 3158 3402; baseline 0 -30"><span class='ocrx_word' id='word_1_266' title='bbox 517 3335 526 3344; x_wconf 94' lang='lat'><strong>·</strong></span> <span class='ocrx_word' id='word_1_267' title='bbox 567 3317 894 3391; x_wconf 83' lang='lat' dir='ltr'>angustata</span> <span class='ocrx_word' id='word_1_268' title='bbox 931 3311 1286 3372; x_wconf 87' lang='lat' dir='ltr'>late-ovata</span> <span class='ocrx_word' id='word_1_269' title='bbox 1321 3310 1550 3372; x_wconf 89' lang='lat' dir='ltr'>obtusa</span> <span class='ocrx_word' id='word_1_270' title='bbox 1581 3310 1624 3371; x_wconf 93' lang='lat' dir='ltr'>l.</span> <span class='ocrx_word' id='word_1_271' title='bbox 1662 3308 1997 3374; x_wconf 88' lang='lat' dir='ltr'>rotundata</span> <span class='ocrx_word' id='word_1_272' title='bbox 2032 3311 2097 3402; x_wconf 83' lang='lat' dir='ltr'>in</span> <span class='ocrx_word' id='word_1_273' title='bbox 2130 3310 2267 3374; x_wconf 86' lang='lat' dir='ltr'>basi</span> <span class='ocrx_word' id='word_1_274' title='bbox 2299 3308 2574 3373; x_wconf 89' lang='lat' dir='ltr'>laminae</span> <span class='ocrx_word' id='word_1_275' title='bbox 2605 3311 2831 3374; x_wconf 87' lang='lat' dir='ltr'>triloba</span> <span class='ocrx_word' id='word_1_276' title='bbox 2864 3313 2908 3372; x_wconf 91' lang='lat' dir='ltr'>l.</span> <span class='ocrx_word' id='word_1_277' title='bbox 2946 3309 3158 3373; x_wconf 84' lang='lat' dir='ltr'>trifida</span> 
     </span>
    </p>
   </div>
   <div class='ocr_carea' id='block_1_9' title="bbox 459 3398 3151 3496">
    <p class='ocr_par' dir='ltr' id='par_1_10' title="bbox 459 3398 3151 3496">
     <span class='ocr_line' id='line_1_30' title="bbox 459 3398 3151 3496; baseline 0 -20"><span class='ocrx_word' id='word_1_278' title='bbox 459 3398 464 3403; x_wconf 31' lang='lat'>³</span> <span class='ocrx_word' id='word_1_279' title='bbox 566 3416 767 3477; x_wconf 85' lang='lat' dir='ltr'>rarius</span> <span class='ocrx_word' id='word_1_280' title='bbox 797 3415 1240 3495; x_wconf 89' lang='lat' dir='ltr'>pinnatisecta,</span> <span class='ocrx_word' id='word_1_281' title='bbox 1291 3414 1554 3477; x_wconf 89' lang='lat' dir='ltr'>laciniae</span> <span class='ocrx_word' id='word_1_282' title='bbox 1598 3416 1641 3477; x_wconf 91' lang='lat' dir='ltr'>l.</span> <span class='ocrx_word' id='word_1_283' title='bbox 1680 3424 2004 3496; x_wconf 83' lang='lat' dir='ltr'>segmenta</span> <span class='ocrx_word' id='word_1_284' title='bbox 2046 3416 2119 3476; x_wconf 86' lang='lat'>11.</span> <span class='ocrx_word' id='word_1_285' title='bbox 2158 3416 2233 3476; x_wconf 93' lang='lat' dir='ltr'>O.</span> <span class='ocrx_word' id='word_1_286' title='bbox 2273 3414 2529 3494; x_wconf 86' lang='lat' dir='ltr'>unijuga</span> <span class='ocrx_word' id='word_1_287' title='bbox 2565 3415 2886 3477; x_wconf 84' lang='lat' dir='ltr'>rarissime</span> <span class='ocrx_word' id='word_1_288' title='bbox 2916 3411 3151 3494; x_wconf 83' lang='lat' dir='ltr'>bijuga,</span> 
     </span>
    </p>
   </div>
   <div class='ocr_carea' id='block_1_10' title="bbox 508 3516 3233 4843">
    <p class='ocr_par' dir='ltr' id='par_1_11' title="bbox 563 3516 3161 3788">
     <span class='ocr_line' id='line_1_31' title="bbox 563 3516 3161 3600; baseline -0.001 -19"><span class='ocrx_word' id='word_1_289' title='bbox 563 3539 598 3581; x_wconf 92' lang='lat' dir='ltr'>e</span> <span class='ocrx_word' id='word_1_290' title='bbox 627 3517 764 3581; x_wconf 87' lang='lat' dir='ltr'>basi</span> <span class='ocrx_word' id='word_1_291' title='bbox 797 3520 1155 3600; x_wconf 78' lang='lat' dir='ltr'>angustiore</span> <span class='ocrx_word' id='word_1_292' title='bbox 1189 3517 1563 3580; x_wconf 77' lang='lat' dir='ltr'>subitofere‘</span> <span class='ocrx_word' id='word_1_293' title='bbox 1592 3516 1942 3580; x_wconf 89' lang='lat' dir='ltr'>orbiculata</span> <span class='ocrx_word' id='word_1_294' title='bbox 1974 3519 2258 3599; x_wconf 84' lang='lat' dir='ltr'>margine</span> <span class='ocrx_word' id='word_1_295' title='bbox 2288 3519 2815 3599; x_wconf 79' lang='lat' dir='ltr'>subintegerrima</span> <span class='ocrx_word' id='word_1_296' title='bbox 2852 3519 2896 3579; x_wconf 94' lang='lat' dir='ltr'>l.</span> <span class='ocrx_word' id='word_1_297' title='bbox 2933 3518 3161 3580; x_wconf 84' lang='lat' dir='ltr'>leviter</span> 
     </span>
     <span class='ocr_line' id='line_1_32' title="bbox 563 3618 3158 3703; baseline 0 -20"><span class='ocrx_word' id='word_1_298' title='bbox 563 3631 848 3701; x_wconf 79' lang='lat' dir='ltr'>crenata3</span> <span class='ocrx_word' id='word_1_299' title='bbox 913 3623 1093 3684; x_wconf 84' lang='lat' dir='ltr'>nervi</span> <span class='ocrx_word' id='word_1_300' title='bbox 1140 3623 1342 3686; x_wconf 89' lang='lat' dir='ltr'>ultimi</span> <span class='ocrx_word' id='word_1_301' title='bbox 1387 3622 1700 3703; x_wconf 83' lang='lat' dir='ltr'>simplices</span> <span class='ocrx_word' id='word_1_302' title='bbox 1746 3622 1791 3683; x_wconf 93' lang='lat' dir='ltr'>l.</span> <span class='ocrx_word' id='word_1_303' title='bbox 1830 3621 2090 3702; x_wconf 83' lang='lat' dir='ltr'>furcati,</span> <span class='ocrx_word' id='word_1_304' title='bbox 2137 3618 2224 3683; x_wconf 84' lang='lat' dir='ltr'>ad</span> <span class='ocrx_word' id='word_1_305' title='bbox 2272 3640 2589 3683; x_wconf 89' lang='lat' dir='ltr'>summum</span> <span class='ocrx_word' id='word_1_306' title='bbox 2636 3622 2846 3702; x_wconf 78' lang='lat' dir='ltr'>trijugi</span> <span class='ocrx_word' id='word_1_307' title='bbox 2894 3622 2959 3683; x_wconf 91' lang='lat' dir='ltr'>in</span> <span class='ocrx_word' id='word_1_308' title='bbox 3004 3640 3158 3702; x_wconf 81' lang='lat' dir='ltr'>seg-</span> 
     </span>
     <span class='ocr_line' id='line_1_33' title="bbox 565 3726 1085 3788; baseline 0.002 -2"><span class='ocrx_word' id='word_1_309' title='bbox 565 3727 791 3788; x_wconf 83' lang='lat' dir='ltr'>mentis</span> <span class='ocrx_word' id='word_1_310' title='bbox 822 3726 1085 3787; x_wconf 87' lang='lat' dir='ltr'>ultimis.</span> 
     </span>
    </p>

    <p class='ocr_par' dir='ltr' id='par_1_12' title="bbox 736 3825 1933 3910">
     <span class='ocr_line' id='line_1_34' title="bbox 736 3825 1933 3910; baseline 0.002 -21"><span class='ocrx_word' id='word_1_311' title='bbox 736 3829 1071 3908; x_wconf 80' lang='lat' dir='ltr'>Segmenta</span> <span class='ocrx_word' id='word_1_312' title='bbox 1102 3827 1326 3890; x_wconf 78' lang='lat' dir='ltr'>fertilia</span> <span class='ocrx_word' id='word_1_313' title='bbox 1361 3827 1637 3888; x_wconf 89' lang='lat' dir='ltr'>lineari-</span> <span class='ocrx_word' id='word_1_314' title='bbox 1593 3825 1933 3910; x_wconf 78' lang='lat' dir='ltr'>-oblonga.</span> 
     </span>
    </p>

    <p class='ocr_par' dir='ltr' id='par_1_13' title="bbox 508 3931 3233 4635">
     <span class='ocr_line' id='line_1_35' title="bbox 735 3931 3233 4014; baseline -0.001 -19"><span class='ocrx_word' id='word_1_315' title='bbox 735 3932 1205 4013; x_wconf 87' lang='lat' dir='ltr'>Speciminibus</span> <span class='ocrx_word' id='word_1_316' title='bbox 1234 3933 1586 3995; x_wconf 86' lang='lat' dir='ltr'>numerosis</span> <span class='ocrx_word' id='word_1_317' title='bbox 1629 3934 2038 4012; x_wconf 87' lang='lat' dir='ltr'>examinatis,</span> <span class='ocrx_word' id='word_1_318' title='bbox 2087 3931 2440 3995; x_wconf 82' lang='lat' dir='ltr'>Allosorum</span> <span class='ocrx_word' id='word_1_319' title='bbox 2476 3933 2727 3996; x_wconf 87' lang='lat' dir='ltr'>Stelleri</span> <span class='ocrx_word' id='word_1_320' title='bbox 2774 3932 2974 3996; x_wconf 79' lang='lat' dir='ltr'>solum</span> <span class='ocrx_word' id='word_1_321' title='bbox 3018 3931 3158 3994; x_wconf 84' lang='lat' dir='ltr'>for-</span> <span class='ocrx_word' id='word_1_322' title='bbox 3228 4009 3233 4014; x_wconf 14' lang='grc' dir='ltr'><strong><em>ἡ</em></strong></span> 
     </span>
     <span class='ocr_line' id='line_1_36' title="bbox 562 4034 3157 4119; baseline -0.001 -21"><span class='ocrx_word' id='word_1_323' title='bbox 562 4053 728 4100; x_wconf 87' lang='lat' dir='ltr'>mam</span> <span class='ocrx_word' id='word_1_324' title='bbox 772 4034 1265 4117; x_wconf 86' lang='lat' dir='ltr'>depauperatam</span> <span class='ocrx_word' id='word_1_325' title='bbox 1297 4034 1559 4099; x_wconf 84' lang='lat' dir='ltr'>Allosori</span> <span class='ocrx_word' id='word_1_326' title='bbox 1590 4037 1785 4119; x_wconf 83' lang='lat' dir='ltr'>crispi</span> <span class='ocrx_word' id='word_1_327' title='bbox 1827 4035 2064 4099; x_wconf 84' lang='lat' dir='ltr'>habere</span> <span class='ocrx_word' id='word_1_328' title='bbox 2105 4035 2328 4100; x_wconf 88' lang='lat' dir='ltr'>debeo.</span> <span class='ocrx_word' id='word_1_329' title='bbox 2425 4039 2592 4100; x_wconf 77' lang='lat' dir='ltr'>Folia</span> <span class='ocrx_word' id='word_1_330' title='bbox 2631 4037 2887 4117; x_wconf 75' lang='lat' dir='ltr'>saepius</span> <span class='ocrx_word' id='word_1_331' title='bbox 2932 4054 2969 4098; x_wconf 75' lang='grc' dir='ltr'>ι</span> <span class='ocrx_word' id='word_1_332' title='bbox 3014 4034 3157 4099; x_wconf 87' lang='lat' dir='ltr'>basi</span> 
     </span>
     <span class='ocr_line' id='line_1_37' title="bbox 562 4137 3159 4223; baseline -0.001 -19"><span class='ocrx_word' id='word_1_333' title='bbox 562 4159 761 4223; x_wconf 85' lang='lat' dir='ltr'>usque</span> <span class='ocrx_word' id='word_1_334' title='bbox 788 4137 872 4202; x_wconf 90' lang='lat' dir='ltr'>ad</span> <span class='ocrx_word' id='word_1_335' title='bbox 904 4139 1149 4220; x_wconf 87' lang='lat' dir='ltr'>apicem</span> <span class='ocrx_word' id='word_1_336' title='bbox 1180 4139 1412 4201; x_wconf 85' lang='lat' dir='ltr'>fertilia</span> <span class='ocrx_word' id='word_1_337' title='bbox 1444 4141 1679 4218; x_wconf 81' lang='lat' dir='ltr'>inveni,</span> <span class='ocrx_word' id='word_1_338' title='bbox 1711 4159 1901 4222; x_wconf 79' lang='lat' dir='ltr'>quam</span> <span class='ocrx_word' id='word_1_339' title='bbox 1927 4139 2065 4202; x_wconf 86' lang='lat' dir='ltr'>basi</span> <span class='ocrx_word' id='word_1_340' title='bbox 2091 4142 2327 4205; x_wconf 84' lang='lat' dir='ltr'>sterilia</span> <span class='ocrx_word' id='word_1_341' title='bbox 2349 4152 2416 4203; x_wconf 88' lang='lat' dir='ltr'>et</span> <span class='ocrx_word' id='word_1_342' title='bbox 2437 4142 2614 4222; x_wconf 85' lang='lat' dir='ltr'>apice</span> <span class='ocrx_word' id='word_1_343' title='bbox 2637 4140 2891 4220; x_wconf 75' lang='lat' dir='ltr'>fertilia,</span> <span class='ocrx_word' id='word_1_344' title='bbox 2921 4158 3159 4222; x_wconf 80' lang='lat' dir='ltr'>quem-</span> 
     </span>
     <span class='ocr_line' id='line_1_38' title="bbox 560 4239 3156 4325; baseline -0.002 -17"><span class='ocrx_word' id='word_1_345' title='bbox 560 4243 899 4309; x_wconf 88' lang='lat' dir='ltr'>admodum</span> <span class='ocrx_word' id='word_1_346' title='bbox 932 4261 991 4304; x_wconf 90' lang='lat' dir='ltr'>a.</span> <span class='ocrx_word' id='word_1_347' title='bbox 1022 4241 1101 4304; x_wconf 93' lang='lat' dir='ltr'>cl.</span> <span class='ocrx_word' id='word_1_348' title='bbox 1130 4242 1429 4323; x_wconf 80' lang='lat' dir='ltr'>Rupreckt</span> <span class='ocrx_word' id='word_1_349' title='bbox 1456 4241 1931 4321; x_wconf 82' lang='lat' dir='ltr'>describuntur;</span> <span class='ocrx_word' id='word_1_350' title='bbox 1968 4239 2288 4309; x_wconf 77' lang='lat' dir='ltr'>interdum</span> <span class='ocrx_word' id='word_1_351' title='bbox 2320 4246 2583 4307; x_wconf 85' lang='lat' dir='ltr'>laciniae</span> <span class='ocrx_word' id='word_1_352' title='bbox 2613 4244 2924 4325; x_wconf 68' lang='lat' dir='ltr'>segmenti</span> <span class='ocrx_word' id='word_1_353' title='bbox 2955 4242 3156 4306; x_wconf 80' lang='lat' dir='ltr'>infimi</span> 
     </span>
     <span class='ocr_line' id='line_1_39' title="bbox 559 4343 3147 4430; baseline -0.002 -21"><span class='ocrx_word' id='word_1_354' title='bbox 559 4350 761 4410; x_wconf 86' lang='lat' dir='ltr'>solum</span> <span class='ocrx_word' id='word_1_355' title='bbox 792 4349 857 4409; x_wconf 80' lang='lat' dir='ltr'>in</span> <span class='ocrx_word' id='word_1_356' title='bbox 890 4347 1170 4428; x_wconf 75' lang='lat' dir='ltr'>margine</span> <span class='ocrx_word' id='word_1_357' title='bbox 1200 4356 1485 4409; x_wconf 81' lang='lat' dir='ltr'>extremo</span> <span class='ocrx_word' id='word_1_358' title='bbox 1528 4343 1633 4409; x_wconf 87' lang='lat' dir='ltr'>hic</span> <span class='ocrx_word' id='word_1_359' title='bbox 1677 4347 1803 4412; x_wconf 89' lang='lat' dir='ltr'>illic</span> <span class='ocrx_word' id='word_1_360' title='bbox 1844 4350 2026 4430; x_wconf 86' lang='lat' dir='ltr'>quasi</span> <span class='ocrx_word' id='word_1_361' title='bbox 2057 4351 2235 4411; x_wconf 86' lang='lat' dir='ltr'>initia</span> <span class='ocrx_word' id='word_1_362' title='bbox 2267 4348 2770 4412; x_wconf 78' lang='lat' dir='ltr'>fructificationis</span> <span class='ocrx_word' id='word_1_363' title='bbox 2800 4345 3147 4409; x_wconf 81' lang='lat' dir='ltr'>habebant.</span> 
     </span>
     <span class='ocr_line' id='line_1_40' title="bbox 562 4450 3151 4532; baseline 0 -21"><span class='ocrx_word' id='word_1_364' title='bbox 562 4450 869 4513; x_wconf 80' lang='lat' dir='ltr'>Fascicul’r</span> <span class='ocrx_word' id='word_1_365' title='bbox 920 4450 1170 4531; x_wconf 88' lang='lat' dir='ltr'>petioli,</span> <span class='ocrx_word' id='word_1_366' title='bbox 1236 4452 1483 4532; x_wconf 84' lang='lat' dir='ltr'>paleae,</span> <span class='ocrx_word' id='word_1_367' title='bbox 1551 4469 1777 4532; x_wconf 89' lang='lat' dir='ltr'>sporae</span> <span class='ocrx_word' id='word_1_368' title='bbox 1830 4454 2083 4515; x_wconf 90' lang='lat' dir='ltr'>omnino</span> <span class='ocrx_word' id='word_1_369' title='bbox 2139 4454 2375 4517; x_wconf 84' lang='lat' dir='ltr'>formae</span> <span class='ocrx_word' id='word_1_370' title='bbox 2427 4452 2751 4516; x_wconf 74' lang='lat' dir='ltr'>normalis.</span> <span class='ocrx_word' id='word_1_371' title='bbox 2859 4450 3151 4514; x_wconf 64' lang='lat' dir='ltr'>ahiman</span> 
     </span>
     <span class='ocr_line' id='line_1_41' title="bbox 508 4554 1538 4635; baseline 0.002 -20"><span class='ocrx_word' id='word_1_372' title='bbox 508 4555 519 4558; x_wconf 82' lang='grc'><em>“</em></span> <span class='ocrx_word' id='word_1_373' title='bbox 560 4554 1022 4633; x_wconf 87' lang='lat' dir='ltr'>tenuissimum,</span> <span class='ocrx_word' id='word_1_374' title='bbox 1061 4573 1313 4635; x_wconf 88' lang='lat' dir='ltr'>repens.</span> <span class='ocrx_word' id='word_1_375' title='bbox 1524 4557 1538 4568; x_wconf 83' lang='grc'><strong>“</strong></span> 
     </span>
    </p>

    <p class='ocr_par' dir='ltr' id='par_1_14' title="bbox 558 4654 3147 4843">
     <span class='ocr_line' id='line_1_42' title="bbox 728 4654 3147 4740; baseline 0.001 -22"><span class='ocrx_word' id='word_1_376' title='bbox 728 4656 1062 4737; x_wconf 74' lang='lat' dir='ltr'>specimen</span> <span class='ocrx_word' id='word_1_377' title='bbox 1092 4658 1542 4735; x_wconf 80' lang='lat' dir='ltr'>americanum,</span> <span class='ocrx_word' id='word_1_378' title='bbox 1594 4657 1765 4740; x_wconf 88' lang='lat' dir='ltr'>quod</span> <span class='ocrx_word' id='word_1_379' title='bbox 1806 4658 2288 4724; x_wconf 77' lang='lat' dir='ltr'>benevolentiae</span> <span class='ocrx_word' id='word_1_380' title='bbox 2316 4660 2395 4723; x_wconf 90' lang='lat' dir='ltr'>cl.</span> <span class='ocrx_word' id='word_1_381' title='bbox 2437 4679 2497 4722; x_wconf 86' lang='lat' dir='ltr'>v.</span> <span class='ocrx_word' id='word_1_382' title='bbox 2534 4657 2882 4724; x_wconf 67' lang='lat' dir='ltr'>LeonMrdi</span> <span class='ocrx_word' id='word_1_383' title='bbox 2921 4654 3147 4733; x_wconf 87' lang='lat' dir='ltr'>debeo,</span> 
     </span>
     <span class='ocr_line' id='line_1_43' title="bbox 558 4760 1635 4843; baseline -0.002 -16"><span class='ocrx_word' id='word_1_384' title='bbox 558 4760 810 4827; x_wconf 75' lang='lat' dir='ltr'>omnino</span> <span class='ocrx_word' id='word_1_385' title='bbox 840 4777 985 4824; x_wconf 81' lang='lat' dir='ltr'>cum</span> <span class='ocrx_word' id='word_1_386' title='bbox 1017 4760 1296 4825; x_wconf 76' lang='lat' dir='ltr'>asiaticis</span> <span class='ocrx_word' id='word_1_387' title='bbox 1326 4761 1635 4843; x_wconf 81' lang='lat' dir='ltr'>congruit.</span> 
     </span>
    </p>
   </div>
  </div>
 </body>
</html>
