3509 5267
104 631 169 1283 &stadensem

1504 1274 1987 1379 Praefatio.

612 1556 683 1618 ln
726 1558 935 1621 animo
978 1560 1133 1623 mihi
1178 1561 1418 1647 fuerat,
1473 1570 1762 1655 Europae
1806 1584 2053 1642 tantum
2100 1587 2166 1642 et
2195 1576 2535 1642 Atlantidis
2566 1578 2764 1670 filices
2795 1577 3047 1645 descri—

436 1673 630 1752 bere3
680 1695 878 1759 quum
926 1699 1109 1762 vere,
1162 1691 1232 1746 ut
1277 1694 1342 1748 et
1378 1685 1567 1755 Asiae
1608 1696 1871 1761 minoris
1915 1698 2311 1782 Sibiriaeque
2355 1696 2695 1789 adderem,
2756 1702 3050 1783 quamvis

435 1793 599 1857 fines
643 1796 880 1877 politici
924 1802 1265 1869 orientales
1305 1826 1526 1890 parum
1575 1817 1728 1879 certi
1775 1827 2021 1901 esseut,
2076 1821 2193 1883 viri
2236 1817 2578 1883 doctissimi
2626 1820 2913 1884 nonnulli
2945 1841 3047 1885 me

14 1975 17 1982 J
432 1911 890 2001 admonerent,
939 1942 1011 1986 eo
1044 1924 1418 1992 lubentius
1402 1932 1480 1994 1is
1512 1951 1652 1997 sum
1687 1937 2068 2018 obsecutuS,
2119 1938 2289 2024 quod
2325 1941 2520 2003 filices
2552 1940 2739 2022 huJus
2773 1941 3048 2023 regionis

13 1985 237 2124 *κ
380 2077 399 2081 ψ
508 2035 523 2047 ”
561 2034 575 2049 ’
769 2045 935 2104 tione
966 2044 1244 2110 nondum
1276 2061 1429 2114 sunt
1459 2063 1788 2121 tractatae.
1859 2060 2075 2146 ltaque
2118 2063 2308 2126 etiam
2340 2060 2577 2124 factum
2612 2068 2734 2141 est,
2785 2069 2859 2123 ut
2889 2080 3048 2143 spe-

260 2163 269 2168 ’
430 2036 1210 2252 mm
1237 2171 1371 2235 loco
1396 2170 1857 2241 describendae
1888 2191 2125 2262 essent,
2163 2194 2400 2262 tamen,
2437 2199 2632 2266 quum
2668 2180 2768 2245 vel
2789 2182 3044 2245 criticae

196 2295 203 2300 ·
452 2278 546 2341 vel
578 2284 732 2346 meis
763 2287 983 2351 affines
1012 2300 1264 2373 essent,
1301 2290 1679 2359 addiderim.

611 2403 681 2466 In
723 2408 1048 2500 tractanda
1093 2413 1354 2476 materia
1404 2425 1469 2478 et
1518 2418 1858 2499 speciebus
1901 2419 2499 2488 circumscribendis
2540 2383 3047 2504 definiendisque

446 2511 617 2603 leges
654 2536 918 2592 secutus
958 2550 1133 2615 sum,
1190 2552 1350 2618 quas
1396 2536 1713 2604 Menenius
1750 2542 1814 2604 in
1859 2540 2023 2607 libro
2065 2562 2183 2607 suo
2229 2543 2504 2625 „Filiees
2557 2542 2721 2606 horti
2769 2541 3046 2628 botanici

446 2643 843 2725 Lipsiensis“
868 2654 1197 2733 proposuit
1220 2659 1734 2742 argumentisque
1760 2662 2058 2727 firmavit.
2108 2665 2324 2750 Neque
2350 2664 2518 2728 enim
2543 2663 2742 2726 ullum
2775 2661 3043 2728 dubium

346 2832 353 2838 ,
438 2783 578 2827 esse
623 2775 864 2851 potest,
916 2775 1071 2855 quin
1104 2774 1222 2839 hae
1256 2776 1421 2860 leges
1455 2781 1722 2844 maxime
1752 2784 1885 2845 sint
1915 2781 2177 2849 idoneae
2197 2833 2213 2866 ,
2265 2784 2501 2868 quibus
2532 2784 2796 2848 scientia
2827 2792 3047 2868 syste-

438 2888 665 2952 matica
699 2888 936 2954 filicum
970 2894 1166 2958 veluti
1199 2897 1611 2970 fundamento
1642 2903 2005 2968 firmissimo
2036 2908 2298 2971 nitatur.

603 3010 780 3073 Inter
821 3008 1183 3093 adjumenta
1231 3020 1588 3105 uberrima,
1639 3024 1876 3107 quibus
1918 3026 2011 3090 uti
2058 3025 2208 3087 mihi
2252 3026 2545 3107 contigit,
2596 3024 2751 3089 haec
2790 3025 3048 3090 referor

432 3131 738 3197 Herbaria
772 3135 940 3216 regia
973 3137 1429 3223 Berolinensia,
1469 3142 1973 3210 vindobonensis
2003 3148 2206 3210 musei
2239 3146 2538 3227 caesarei,
2576 3148 2852 3210 caesarei
2882 3147 3045 3211 horti

429 3252 710 3317 botanici
763 3255 1239 3342 Petropolitani,
1305 3265 1582 3329 virorum
1630 3267 2128 3332 clarissimorum
2170 3267 2408 3333 Hooker
2445 3278 2511 3331 et
2553 3270 2791 3350 Μοονυ,
2842 3269 3040 3349 Presl,

294 3349 301 3350 ἶ
442 3343 703 3453 ἑῶυ,’
696 3373 1107 3462 Kiihlewein,
1158 3383 1506 3467 Memmius,
1567 3385 1642 3449 A.
1690 3387 1943 3468 Braun,
1999 3392 2292 3473 Goppert,
2356 3392 2571 3455 Cosson
2589 3439 2607 3470 ,
2672 3390 2942 3454 Boissier
2984 3396 3047 3451 et
3125 3461 3134 3468 ,

402 3467 686 3572 ΔΙίι,>ιι1,“υν,
725 3495 857 3578 Ρέυ,
895 3500 1138 3585 Bunye,
1187 3505 1389 3586 Bone,
1441 3506 1811 3591 Ruchinyer,
1853 3507 2084 3571 Todaro
2102 3558 2117 3589 ,
2176 3508 2499 3574 Winckler.
2568 3510 2878 3584 Quoniam
2913 3511 3044 3571 im-

436 3613 663 3693 primis
700 3633 892 3681 curae
938 3621 1091 3684 mihi
1145 3634 1312 3705 erat,
1374 3636 1448 3691 ut
1498 3628 1858 3692 criticarum
1907 3630 2264 3711 specierum
2312 3630 2662 3712 specimina
2718 3627 3041 3711 originalia

435 3734 862 3819 acquirerem,
913 3750 987 3804 ut
1030 3762 1169 3807 meo
1193 3743 1471 3829 J‘udicio,
1520 3767 1644 3812 non
1676 3721 1942 3814 alioru‘m
1976 3758 2234 3832 starem,
2272 3748 2441 3815 haud
2472 3770 2709 3834 parvus
2740 3769 3041 3814 numerus

14 3861 17 3936 J
434 3853 796 3936 plantarum
828 3863 1190 3930 criticarum
1223 3868 1287 3931 in
1321 3887 1510 3951 opere
1545 3889 1684 3933 meo
1715 3872 2097 3953 explicatur.

14 3971 29 4034 i,
48 4027 65 4048 ἱ
603 3978 801 4043 Porro
821 4000 1079 4064 operam
1111 3984 1295 4070 dedi,
1342 3998 1416 4053 ut
1446 3990 1721 4073 speciem
1755 4011 2075 4077 quamque
2106 3992 2189 4055 ab
2222 3992 2376 4055 locis
2406 3992 2737 4073 omnibus,
2788 3994 2854 4055 in
2886 3994 3040 4075 qui-

14 4061 43 4096 *
430 4093 554 4160 bus
596 4101 938 4184 praecipue
980 4106 1241 4172 inventa
1286 4119 1422 4193 est,
1470 4111 1859 4195 obtinerem,
1911 4133 2119 4198 neque
2163 4116 2545 4179 mentionem
2592 4113 2712 4177 feci
2756 4110 2837 4176 de
2883 4112 3036 4176 loeis

16 4275 67 4344 x
86 4231 137 4274 -υ
168 4199 213 4300 [-
242 4265 249 4272 .
431 4215 616 4299 ullis,
655 4222 778 4285 nisi
811 4228 1156 4306 specimina
1189 4229 1278 4294 ibi
1311 4241 1460 4296 nata
1490 4234 1628 4316 ipse
1664 4233 1970 4299 videram.

14 4319 35 4344 ⁸
154 4311 195 4350 ‘⁸
598 4341 733 4404 Jam
769 4355 988 4425 restat,
1043 4359 1114 4411 ut
1146 4353 1300 4415 viris
1331 4354 1627 4419 omnibus
1658 4354 1805 4435 illis,
1845 4373 2113 4440 quorum
2146 4356 2453 4438 plurimos
2479 4356 2609 4435 jam
2643 4356 3029 4435 enumeravi,

429 4459 539 4539 qui
569 4470 681 4526 aut
711 4467 967 4531 consilio
998 4481 1107 4534 aut
1140 4492 1204 4534 re
1231 4492 1330 4537 me
1361 4473 1767 4557 adiuverunt,
1804 4471 2039 4559 gratias
2065 4477 2374 4538 maximas
2399 4493 2600 4556 agam,
2640 4482 2787 4537 ante
2819 4492 3036 4537 omnes

424 4579 581 4643 viris
630 4582 1001 4653 clarissimis
1044 4593 1124 4654 H.
1175 4593 1438 4676 Goppert
1485 4606 1551 4659 et
1592 4592 1664 4658 A.
1713 4599 1966 4676 Braun,
2033 4597 2142 4679 qui
2203 4595 2385 4658 libris
2429 4604 2495 4658 et
2536 4595 2775 4678 plantis
2827 4595 3035 4658 animo
3123 4581 3130 4584 4

422 4697 866 4770 liberalissimo
910 4707 1638 4798 benevolentissimoque
1683 4715 1894 4780 studia
1940 4735 2074 4779 mea
2117 4714 2536 4797 adiuverunt,
2588 4734 2794 4797 neque
2826 4715 3037 4776 minus
