3509 5267
1402 295 1850 369 Equisetaeeae.
2802 291 2932 355 213

921 482 1027 578 De
1046 481 1336 548 examine
1367 482 1812 564 Equiaetornm
1839 482 2321 562 microscopico.

504 606 625 682 Qui
656 606 957 687 Equiseta
985 601 1472 667 indeterminata
1503 603 1984 667 examinaturus
2014 609 2143 682 est,
2198 601 2345 665 huic
2375 602 2650 684 primum
2681 602 2929 666 consti-

337 709 641 775 tuendum
684 714 816 788 est,
881 725 1035 770 num
1074 706 1292 787 planta
1336 705 1419 770 ad
1461 708 1764 792 Equiseta
1818 707 2254 789 phaner-epora
2303 724 2385 770 an
2427 703 2509 769 ad
2552 714 2926 789 cryptopora

333 815 677 897 pertineat3
727 810 792 875 id
824 808 997 895 quod
1028 810 1321 873 facillime
1345 811 1673 894 intelligiS,
1710 811 1765 874 si
1795 807 2208 892 epidermidis
2232 808 2654 892 fragmentum
2688 827 2933 892 paren-

328 918 622 1001 chymate
665 925 728 979 et
759 916 901 978 aliis
945 914 1163 978 stratis
1209 913 1547 978 liberatum
1592 916 1958 978 examinare
2001 914 2183 978 velis.
2249 913 2317 978 Si
2362 914 2580 997 planta
2623 911 2816 977 dubia
2848 911 2930 976 ad

334 1022 632 1103 Equiseta
663 1027 1037 1103 cryptopora
1071 1020 1375 1098 pertinet,
1413 1026 1560 1081 ante
1591 1017 1797 1081 omnia
1832 1017 2085 1081 carinae
2117 1017 2317 1081 caulis
2345 1017 2392 1082 l.
2429 1035 2747 1081 ramorum
2779 1036 2932 1082 sec-

334 1127 503 1189 tione
532 1132 899 1187 transversa
931 1121 1385 1185 examinandae
1414 1130 1587 1204 sunt,
1623 1140 1774 1185 num
1808 1139 2129 1185 convexae
2158 1140 2239 1184 an
2271 1121 2672 1204 biangulatae
2704 1120 2856 1184 sint.

506 1228 575 1291 Si
615 1226 829 1309 planta
886 1232 1152 1287 stomata
1208 1226 1569 1308 phaneropa
1616 1223 1933 1309 possidet,
1998 1224 2276 1288 sectione
2322 1225 2684 1288 transversa
2729 1224 2933 1312 caulis

332 1328 799 1394 examinandus
841 1336 971 1406 est,
1023 1346 1171 1390 num
1215 1329 1491 1392 annulus
1536 1331 1931 1392 incrassatus
1973 1328 2326 1391 communis
2356 1327 2524 1391 adsit
2555 1347 2756 1412 necne
2787 1327 2831 1390 i.
2867 1343 2927 1389 e.

336 1455 487 1499 num
519 1433 718 1508 caulis
760 1450 842 1494 ex
885 1429 1136 1495 duobus
1168 1430 1473 1514 cylindris
1503 1433 1891 1513 compositus
1924 1431 2044 1509 sit,
2093 1448 2173 1494 an
2206 1449 2287 1493 ex
2318 1432 2526 1496 unico.
2593 1430 2820 1495 Caules
2851 1448 2934 1494 ex

334 1534 621 1620 cylindro
666 1535 945 1599 solitario
990 1533 1291 1600 formatos
1327 1536 1397 1598 E.
1447 1536 1695 1599 litorale
1740 1543 1806 1597 et
1837 1535 1910 1597 E.
1956 1533 2250 1597 limosum
2293 1534 2657 1618 possident,
2712 1552 2934 1599 omnes

337 1642 497 1703 alia'e
526 1639 774 1721 species
805 1657 841 1700 e
871 1637 1123 1702 duobus
1154 1637 1460 1726 cylindris
1492 1639 1877 1723 compositae
1907 1646 2080 1701 sunt.
2632 1661 2636 1665 ·
2715 1659 2722 1666 ·

503 1746 573 1807 In
605 1744 702 1807 his
727 1743 800 1805 E.
838 1742 1121 1824 palustre
1147 1742 1450 1808 eximium
1474 1751 1569 1805 est
1591 1742 1879 1807 ochreola
1902 1741 2038 1805 atra
2058 1735 2261 1802 nitida
2282 1747 2347 1802 et
2377 1759 2694 1804 ramorum
2725 1742 2939 1804 inter-
2975 1783 2982 1790 „

339 1845 524 1911 nodio
553 1845 795 1926 infimo,
832 1843 1001 1927 quod
1033 1846 1228 1909 multo
1258 1845 1518 1911 brevius
1549 1855 1648 1910 est
1679 1844 1910 1927 vagina
1939 1843 2206 1907 caulinA.
2272 1838 2645 1928 Equisetum
2678 1844 2936 1907 silvati-

339 1968 479 2013 cum
511 1948 764 2012 excellit
793 1949 1096 2015 dentibus
1128 1951 1330 2034 longis
1360 1949 1884 2014 unicellularibus
1915 1947 1998 2012 ad
2025 1947 2221 2011 latera
2256 1947 2612 2012 carinarum
2644 1947 2934 2011 caulina-

339 2072 472 2117 rum
516 2053 915 2133 uniseriatis3
976 2055 1049 2117 E.
1098 2053 1438 2133 Telmateia
1483 2054 1720 2117 aculeis
1764 2047 2245 2115 bicellularibus
2293 2053 2356 2114 in
2400 2051 2630 2115 carinis
2674 2052 2937 2136 sulcatis

339 2175 656 2220 ramorum
687 2155 1096 2236 sedentibus3
1135 2159 1207 2223 E.
1239 2165 1533 2239 pratense
1564 2156 1724 2221 lobis
1757 2156 1988 2218 siliceis
2020 2158 2103 2218 3-
2135 2129 2732 2236 multicellularibus
2763 2156 2936 2219 cari-

236 2267 257 2294 ·
339 2277 565 2325 narum
609 2259 809 2323 caulis
840 2271 905 2325 et
933 2259 1234 2325 dentibus
1277 2262 1506 2324 rameis
1547 2258 1856 2323 brevibus
1887 2258 2128 2339 ovatis,
2178 2258 2250 2320 E.
2288 2277 2554 2322 arvense
2585 2257 2937 2322 tuberculis

336 2362 752 2462 trapezoideis
779 2363 1288 2443 bicellularibus,
1327 2366 1391 2426 in
1422 2364 1649 2427 carinis
1681 2380 1998 2426 ramorum
2031 2358 2429 2426 sedentibus.

508 2467 655 2531 Sine
683 2468 972 2532 eoeamine
999 2469 1420 2551 micros-copiae
1447 2466 1619 2531 nulla
1648 2464 1901 2530 scientia
1928 2466 2392 2547 Equisetorum!

911 2642 1241 2707 nonnulla
1271 2647 1350 2708 de
1367 2641 1823 2724 Bquiaetornm
1854 2640 2058 2706 cauli·
2087 2646 2347 2705 natura.

429 2763 483 2847 l)
534 2762 794 2839 caules,
842 2764 1033 2844 rami,
1085 2765 1300 2845 spicae
1331 2762 1798 2844 morphologice
1838 2759 2163 2825 indefinita
2210 2767 2382 2823 sunt.
2448 2761 2517 2823 In
2562 2759 2785 2825 ultima
2816 2780 2939 2824 va-

342 2867 479 2947 gina
534 2865 736 2929 caulis
780 2884 1228 2950 ramorumque
1276 2865 1592 2948 gemmula
1642 2863 1896 2929 condita
1946 2874 2081 2945 est,
2139 2883 2304 2947 quae
2356 2882 2506 2927 vero
2559 2864 2938 2946 inexplicata

344 2989 665 3033 remanere
697 2970 882 3033 solet.
947 2971 1170 3052 Spicae
1200 2970 1539 3054 proliferae
1569 2988 1694 3032 non
1727 2985 1929 3029 rarae.
2251 2985 2259 2993 ·

426 3073 484 3154 2)
540 3074 752 3139 Cauiis
785 3074 1026 3155 apicem
1061 3091 1282 3138 versus
1315 3071 1569 3136 omhino
1601 3071 1758 3134 rami
1803 3077 2092 3135 naturam
2125 3071 2395 3133 assumit
2423 3075 2489 3133 et
2516 3057 2842 3133 externam
2873 3080 2941 3133 et

341 3161 676 3253 internam,
716 3178 907 3238 etiam
938 3178 1003 3241 in
1031 3177 1109 3239 iis
1141 3178 1504 3259 speciebus,
1541 3194 1809 3258 quarum
1844 3175 2000 3238 rami
2031 3194 2066 3239 a
2097 3174 2279 3237 caule
2315 3172 2747 3239 diversissime
2778 3193 2942 3238 con-

343 3282 563 3345 structi
595 3289 768 3346 sunt.
2643 3362 2647 3366 ⁴

424 3383 486 3467 3)
538 3385 694 3450 Gum
743 3381 1167 3447 crassitudine
1204 3385 1405 3448 caulis
1446 3385 1689 3467 apicem
1735 3401 1961 3445 versus
2003 3402 2130 3445 non
2176 3402 2376 3467 aequo
2408 3381 2592 3447 modo
2637 3401 2941 3448 numerus

340 3489 712 3572 angulorum
759 3487 1102 3567 minuitur3
1154 3505 1317 3568 apex
1364 3487 1598 3567 caulis,
1663 3488 1772 3568 qui
1821 3485 2031 3551 decies
2076 3487 2325 3560 tenuior
2362 3496 2462 3551 est
2505 3484 2694 3570 quam
2741 3486 2941 3550 caulis

343 3590 622 3672 medius,
673 3609 798 3654 non
841 3591 1093 3674 aequali
1126 3593 1368 3655 ratione
1400 3591 1665 3672 angulos
1708 3590 2039 3671 pauciores
2080 3589 2464 3671 assumpsit,
2512 3587 2626 3651 sed
2659 3588 2724 3651 in
2753 3589 2939 3652 caule

341 3697 673 3780 superiore
694 3711 1001 3759 numerus
1025 3696 1400 3777 angulorum
1423 3694 1614 3776 paulo
1636 3694 1840 3756 solum
1864 3694 2070 3755 minor
2091 3703 2190 3756 est
2213 3713 2401 3776 quam
2420 3694 2485 3756 in
2500 3694 2679 3757 caule
2704 3690 2934 3757 medio.

512 3800 570 3884 4)
627 3801 745 3888 Ubi
778 3798 991 3862 caules
1022 3797 1165 3860 basi
1189 3797 1597 3862 ramosissimi
1624 3798 1685 3862 in
1697 3798 2057 3877 veniuntur,
2095 3799 2156 3860 hi
2185 3798 2344 3860 rami
2371 3795 2684 3862 basilares
2714 3799 2941 3860 natura

248 3909 265 3929 ³
346 3904 601 3967 externa
648 3910 713 3965 et
753 3902 1002 3976 interna
1045 3899 1400 3964 intermedii
1444 3909 1597 3965 sunt
1635 3901 1805 3963 inter
1848 3920 2055 3965 ramos
2089 3901 2402 3965 normales
2444 3911 2509 3964 et
2539 3903 2754 3965 caules
2785 3920 2943 3964 nor-

345 4006 562 4069 males..

678 4177 1062 4258 Conspectus
1090 4178 1368 4242 omnium
1396 4178 1750 4260 specierum
1779 4179 1904 4244 hnc
1933 4197 2127 4262 usque
2157 4182 2583 4261 cognitarum.

430 4298 489 4383 ξ.
527 4301 574 4361 I.
640 4295 1109 4381 Equisetum
1146 4298 1426 4384 Tournef.
1463 4318 1521 4363 e.
1560 4321 1625 4382 p.
2459 4309 2462 4312 '

651 4401 972 4488 (Equiseta
1002 4404 1441 4486 phenet-epora
1470 4402 1701 4486 Made).
1770 4451 1774 4456 .

510 4508 590 4573 A.
634 4508 943 4589 Equiaeta
970 4508 1522 4588 heterophyadica
1548 4502 1618 4569 A.
1661 4510 1770 4570 Br.
1808 4508 1875 4571 in
1906 4508 2082 4570 Flora
2124 4503 2334 4591 (⁴839)
2375 4525 2440 4588 p.
2478 4506 2627 4570 3⁰5.

597 4609 654 4695 a)
695 4611 1119 4806 Equiseta
1139 4628 1613 4692 anomopora
1659 4609 1873 4674 mede.

232 4637 483 4809 sl)
524 4716 596 4779 E.
596 4733 904 4907 barvense
941 4716 1013 4779 L.
998 4677 1135 4806 2)
1178 4716 1247 4778 E.
1285 4712 1622 4776 Telmateia
1650 4711 1847 4777 Ehrh.

596 4816 1088 4907 b)Equiseta
1117 4714 1600 4905 )ειὶοὴοροιέι
1643 4816 1849 4884 Made.
