<?xml version="1.0" encoding="UTF-8"?>
<!DOCTYPE html PUBLIC "-//W3C//DTD XHTML 1.0 Transitional//EN"
    "http://www.w3.org/TR/xhtml1/DTD/xhtml1-transitional.dtd">
<html xmlns="http://www.w3.org/1999/xhtml" xml:lang="en" lang="en">
 <head>
  <title>
</title>
<meta http-equiv="Content-Type" content="text/html;charset=utf-8" />
  <meta name='ocr-system' content='tesseract 3.04.00' />
  <meta name='ocr-capabilities' content='ocr_page ocr_carea ocr_par ocr_line ocrx_word'/>
</head>
<body>
  <div class='ocr_page' id='page_1' title='image "./filiceseuropaee00mildgoog_0107.png"; bbox 0 0 3509 5267; ppageno 0'>
   <div class='ocr_carea' id='block_1_1' title="bbox 1469 227 2934 292">
    <p class='ocr_par' dir='ltr' id='par_1_1' title="bbox 1469 227 2934 292">
     <span class='ocr_line' id='line_1_1' title="bbox 1469 227 2934 292; baseline 0.003 -4"><span class='ocrx_word' id='word_1_1' title='bbox 1469 229 1771 288; x_wconf 71' lang='lat' dir='ltr'>Cetei-ach.</span> <span class='ocrx_word' id='word_1_2' title='bbox 1907 227 1915 235; x_wconf 80' lang='grc'><em>’</em></span> <span class='ocrx_word' id='word_1_3' title='bbox 2847 229 2934 292; x_wconf 82' lang='lat'>97</span> 
     </span>
    </p>
   </div>
   <div class='ocr_carea' id='block_1_2' title="bbox 443 355 2925 481">
    <p class='ocr_par' dir='ltr' id='par_1_2' title="bbox 443 355 2925 481">
     <span class='ocr_line' id='line_1_2' title="bbox 443 355 2925 481; baseline 0.002 -21"><span class='ocrx_word' id='word_1_4' title='bbox 443 398 583 460; x_wconf 87' lang='lat' dir='ltr'>Seri</span> <span class='ocrx_word' id='word_1_5' title='bbox 614 395 831 460; x_wconf 79' lang='lat' dir='ltr'>uvales</span> <span class='ocrx_word' id='word_1_6' title='bbox 861 355 909 458; x_wconf 30' lang='lat'>1*</span> <span class='ocrx_word' id='word_1_7' title='bbox 944 394 1197 476; x_wconf 86' lang='lat' dir='ltr'>oblongi</span> <span class='ocrx_word' id='word_1_8' title='bbox 1230 396 1504 477; x_wconf 89' lang='lat' dir='ltr'>primum</span> <span class='ocrx_word' id='word_1_9' title='bbox 1536 395 1823 478; x_wconf 86' lang='lat' dir='ltr'>discreti,</span> <span class='ocrx_word' id='word_1_10' title='bbox 1877 398 2001 461; x_wconf 85' lang='lat' dir='ltr'>rari</span> <span class='ocrx_word' id='word_1_11' title='bbox 2033 395 2265 462; x_wconf 85' lang='lat' dir='ltr'>deinde</span> <span class='ocrx_word' id='word_1_12' title='bbox 2295 398 2603 481; x_wconf 84' lang='lat' dir='ltr'>contigui,</span> <span class='ocrx_word' id='word_1_13' title='bbox 2638 399 2925 464; x_wconf 87' lang='lat' dir='ltr'>unilate-</span> 
     </span>
    </p>
   </div>
   <div class='ocr_carea' id='block_1_3' title="bbox 322 501 2583 669">
    <p class='ocr_par' dir='ltr' id='par_1_3' title="bbox 322 501 2583 669">
     <span class='ocr_line' id='line_1_3' title="bbox 322 501 2583 669; baseline 0.002 -20"><span class='ocrx_word' id='word_1_14' title='bbox 322 501 725 669; x_wconf 57' lang='lat' dir='ltr'>ra&#39;esSporae</span> <span class='ocrx_word' id='word_1_15' title='bbox 756 584 1148 666; x_wconf 83' lang='lat' dir='ltr'>atrofuscae,</span> <span class='ocrx_word' id='word_1_16' title='bbox 1177 587 1424 667; x_wconf 77' lang='lat' dir='ltr'>uvales,</span> <span class='ocrx_word' id='word_1_17' title='bbox 1462 584 1767 667; x_wconf 79' lang='lat' dir='ltr'><strong>nodosae,</strong></span> <span class='ocrx_word' id='word_1_18' title='bbox 1816 591 1966 651; x_wconf 85' lang='lat' dir='ltr'>stria</span> <span class='ocrx_word' id='word_1_19' title='bbox 1998 587 2275 652; x_wconf 86' lang='lat' dir='ltr'>solitaria</span> <span class='ocrx_word' id='word_1_20' title='bbox 2306 596 2583 654; x_wconf 84' lang='lat' dir='ltr'>notatae.</span> 
     </span>
    </p>
   </div>
   <div class='ocr_carea' id='block_1_4' title="bbox 50 690 2923 1470">
    <p class='ocr_par' dir='ltr' id='par_1_4' title="bbox 50 690 2923 1470">
     <span class='ocr_line' id='line_1_4' title="bbox 490 690 2912 776; baseline 0 -20"><span class='ocrx_word' id='word_1_21' title='bbox 490 691 647 756; x_wconf 84' lang='lat' dir='ltr'>Huic</span> <span class='ocrx_word' id='word_1_22' title='bbox 677 691 937 773; x_wconf 83' lang='lat' dir='ltr'>plantae</span> <span class='ocrx_word' id='word_1_23' title='bbox 956 690 1312 771; x_wconf 85' lang='lat' dir='ltr'>proximum</span> <span class='ocrx_word' id='word_1_24' title='bbox 1338 698 1437 754; x_wconf 90' lang='lat' dir='ltr'>est</span> <span class='ocrx_word' id='word_1_25' title='bbox 1451 690 1758 757; x_wconf 69' lang='lat' dir='ltr'>cet-meh</span> <span class='ocrx_word' id='word_1_26' title='bbox 1769 692 2177 758; x_wconf 63' lang='lat' dir='ltr'>rumfeliun</span> <span class='ocrx_word' id='word_1_27' title='bbox 2202 693 2367 758; x_wconf 66' lang='lat' dir='ltr'>Meti.</span> <span class='ocrx_word' id='word_1_28' title='bbox 2395 694 2511 756; x_wconf 87' lang='lat' dir='ltr'>Fil.</span> <span class='ocrx_word' id='word_1_29' title='bbox 2539 693 2709 759; x_wconf 82' lang='lat' dir='ltr'>hert.</span> <span class='ocrx_word' id='word_1_30' title='bbox 2743 694 2912 776; x_wconf 91' lang='lat' dir='ltr'>Lips.</span> 
     </span>
     <span class='ocr_line' id='line_1_5' title="bbox 319 796 342 854; baseline 0 0"><span class='ocrx_word' id='word_1_31' title='bbox 319 796 342 854; x_wconf 83' lang='lat' dir='ltr'>l</span> 
     </span>
     <span class='ocr_line' id='line_1_6' title="bbox 359 796 2923 984; baseline 0.001 -22"><span class='ocrx_word' id='word_1_32' title='bbox 359 797 638 976; x_wconf 44' lang='lat'>8568121.</span> <span class='ocrx_word' id='word_1_33' title='bbox 649 796 1222 979; x_wconf 54' lang='grc' dir='ltr'>ὃὲὶγωῐιοεηωωο</span> <span class='ocrx_word' id='word_1_34' title='bbox 1253 867 1418 960; x_wconf 79' lang='lat' dir='ltr'><strong><em>Hook</em></strong></span> <span class='ocrx_word' id='word_1_35' title='bbox 1444 895 1574 962; x_wconf 90' lang='lat' dir='ltr'>and</span> <span class='ocrx_word' id='word_1_36' title='bbox 1607 900 1786 964; x_wconf 80' lang='lat' dir='ltr'>Grev.</span> <span class='ocrx_word' id='word_1_37' title='bbox 1837 902 1921 964; x_wconf 90' lang='lat' dir='ltr'>Ic.</span> <span class='ocrx_word' id='word_1_38' title='bbox 1958 900 2050 964; x_wconf 87' lang='lat' dir='ltr'>fil.</span> <span class='ocrx_word' id='word_1_39' title='bbox 2085 909 2132 965; x_wconf 86' lang='lat' dir='ltr'>t.</span> <span class='ocrx_word' id='word_1_40' title='bbox 2171 903 2277 965; x_wconf 83' lang='lat'>90.</span> <span class='ocrx_word' id='word_1_41' title='bbox 2298 937 2384 949; x_wconf 91' lang='lat'><em>-</em></span> <span class='ocrx_word' id='word_1_42' title='bbox 2415 902 2489 965; x_wconf 90' lang='lat' dir='ltr'>G.</span> <span class='ocrx_word' id='word_1_43' title='bbox 2518 898 2923 984; x_wconf 87' lang='lat' dir='ltr'>subglandu-</span> 
     </span>
     <span class='ocr_line' id='line_1_7' title="bbox 50 1001 2921 1082; baseline 0.002 -18"><span class='ocrx_word' id='word_1_44' title='bbox 50 1079 51 1082; x_wconf 8' lang='grc' dir='ltr'><strong>Ἴ</strong></span> <span class='ocrx_word' id='word_1_45' title='bbox 314 1002 441 1065; x_wconf 84' lang='lat' dir='ltr'>losa</span> <span class='ocrx_word' id='word_1_46' title='bbox 492 1002 537 1062; x_wconf 90' lang='lat' dir='ltr'>l.</span> <span class='ocrx_word' id='word_1_47' title='bbox 584 1021 640 1063; x_wconf 92' lang='lat' dir='ltr'>c.</span> <span class='ocrx_word' id='word_1_48' title='bbox 687 1009 736 1064; x_wconf 81' lang='lat' dir='ltr'>t.</span> <span class='ocrx_word' id='word_1_49' title='bbox 791 1003 895 1064; x_wconf 71' lang='grc'>91.</span> <span class='ocrx_word' id='word_1_50' title='bbox 947 1033 1026 1048; x_wconf 90' lang='grc'>-</span> <span class='ocrx_word' id='word_1_51' title='bbox 1061 1001 1425 1066; x_wconf 79' lang='lat' dir='ltr'>Grammitis</span> <span class='ocrx_word' id='word_1_52' title='bbox 1467 1002 1794 1067; x_wconf 80' lang='lat' dir='ltr'>rutaefelia</span> <span class='ocrx_word' id='word_1_53' title='bbox 1840 1004 1909 1066; x_wconf 84' lang='lat' dir='ltr'>R.</span> <span class='ocrx_word' id='word_1_54' title='bbox 1957 1005 2070 1068; x_wconf 88' lang='lat' dir='ltr'>Br.</span> <span class='ocrx_word' id='word_1_55' title='bbox 2106 1038 2187 1051; x_wconf 92' lang='lat'>—</span> <span class='ocrx_word' id='word_1_56' title='bbox 2232 1005 2637 1070; x_wconf 87' lang='lat' dir='ltr'>Pleurosorus</span> <span class='ocrx_word' id='word_1_57' title='bbox 2669 1007 2803 1071; x_wconf 60' lang='lat' dir='ltr'>Fae.</span> <span class='ocrx_word' id='word_1_58' title='bbox 2835 1040 2921 1054; x_wconf 89' lang='lat'>--</span> 
     </span>
     <span class='ocr_line' id='line_1_8' title="bbox 50 1093 1141 1172; baseline 0.007 -8"><span class='ocrx_word' id='word_1_59' title='bbox 50 1093 57 1172; x_wconf 75' lang='lat' dir='ltr'>l</span> <span class='ocrx_word' id='word_1_60' title='bbox 316 1107 382 1167; x_wconf 88' lang='lat' dir='ltr'>P.</span> <span class='ocrx_word' id='word_1_61' title='bbox 416 1113 730 1170; x_wconf 75' lang='lat' dir='ltr'><strong>cuneatus</strong></span> <span class='ocrx_word' id='word_1_62' title='bbox 758 1104 894 1169; x_wconf 63' lang='lat' dir='ltr'>Fae.</span> <span class='ocrx_word' id='word_1_63' title='bbox 930 1139 1015 1152; x_wconf 91' lang='lat'>—</span> <span class='ocrx_word' id='word_1_64' title='bbox 1131 1163 1141 1172; x_wconf 88' lang='lat'><strong><em>.</em></strong></span> 
     </span>
     <span class='ocr_line' id='line_1_9' title="bbox 50 1225 53 1308; baseline 0 0"><span class='ocrx_word' id='word_1_65' title='bbox 50 1225 53 1308; x_wconf 69' lang='lat' dir='ltr'>l</span> 
     </span>
     <span class='ocr_line' id='line_1_10' title="bbox 50 1429 53 1470; baseline 0 0"><span class='ocrx_word' id='word_1_66' title='bbox 50 1429 53 1470; x_wconf 72' lang='lat' dir='ltr'>l</span> 
     </span>
    </p>
   </div>
   <div class='ocr_carea' id='block_1_5' title="bbox 315 1223 2922 1626">
    <p class='ocr_par' dir='ltr' id='par_1_5' title="bbox 484 1223 2336 1294">
     <span class='ocr_line' id='line_1_11' title="bbox 484 1223 2336 1294; baseline 0.002 -4"><span class='ocrx_word' id='word_1_67' title='bbox 484 1229 667 1291; x_wconf 83' lang='lat' dir='ltr'>Icen.</span> <span class='ocrx_word' id='word_1_68' title='bbox 727 1223 915 1288; x_wconf 74' lang='lat' dir='ltr'>Hoek.</span> <span class='ocrx_word' id='word_1_69' title='bbox 964 1224 1006 1289; x_wconf 90' lang='lat' dir='ltr'>l.</span> <span class='ocrx_word' id='word_1_70' title='bbox 1054 1244 1113 1289; x_wconf 88' lang='lat' dir='ltr'>c.</span> <span class='ocrx_word' id='word_1_71' title='bbox 1160 1261 1248 1272; x_wconf 91' lang='lat'>—-</span> <span class='ocrx_word' id='word_1_72' title='bbox 1290 1227 1464 1290; x_wconf 68' lang='lat' dir='ltr'>Lew3</span> <span class='ocrx_word' id='word_1_73' title='bbox 1493 1228 1647 1291; x_wconf 85' lang='lat' dir='ltr'>New</span> <span class='ocrx_word' id='word_1_74' title='bbox 1686 1225 1814 1292; x_wconf 88' lang='lat' dir='ltr'>and</span> <span class='ocrx_word' id='word_1_75' title='bbox 1860 1246 1986 1292; x_wconf 86' lang='lat' dir='ltr'>rar.</span> <span class='ocrx_word' id='word_1_76' title='bbox 2036 1227 2082 1291; x_wconf 81' lang='lat' dir='ltr'>f.</span> <span class='ocrx_word' id='word_1_77' title='bbox 2130 1239 2177 1294; x_wconf 81' lang='lat' dir='ltr'>t.</span> <span class='ocrx_word' id='word_1_78' title='bbox 2229 1231 2336 1293; x_wconf 77' lang='lat'>45.</span> 
     </span>
    </p>

    <p class='ocr_par' dir='ltr' id='par_1_6' title="bbox 315 1327 2922 1626">
     <span class='ocr_line' id='line_1_12' title="bbox 488 1327 2922 1415; baseline 0.002 -21"><span class='ocrx_word' id='word_1_79' title='bbox 488 1333 653 1394; x_wconf 78' lang='lat' dir='ltr'>Haec</span> <span class='ocrx_word' id='word_1_80' title='bbox 680 1330 925 1411; x_wconf 88' lang='lat' dir='ltr'>species</span> <span class='ocrx_word' id='word_1_81' title='bbox 955 1327 1164 1394; x_wconf 78' lang='lat' dir='ltr'>diflert</span> <span class='ocrx_word' id='word_1_82' title='bbox 1191 1349 1226 1393; x_wconf 90' lang='lat' dir='ltr'>a</span> <span class='ocrx_word' id='word_1_83' title='bbox 1259 1331 1678 1412; x_wconf 86' lang='lat' dir='ltr'>praecedente</span> <span class='ocrx_word' id='word_1_84' title='bbox 1727 1332 1825 1394; x_wconf 91' lang='lat' dir='ltr'>his</span> <span class='ocrx_word' id='word_1_85' title='bbox 1854 1334 2060 1396; x_wconf 86' lang='lat' dir='ltr'>netis:</span> <span class='ocrx_word' id='word_1_86' title='bbox 2098 1334 2432 1415; x_wconf 87' lang='lat' dir='ltr'>Segmenta</span> <span class='ocrx_word' id='word_1_87' title='bbox 2464 1335 2511 1398; x_wconf 87' lang='lat'>1.</span> <span class='ocrx_word' id='word_1_88' title='bbox 2561 1336 2637 1399; x_wconf 93' lang='grc' dir='ltr'>Ο.</span> <span class='ocrx_word' id='word_1_89' title='bbox 2687 1336 2922 1400; x_wconf 85' lang='lat' dir='ltr'>flabel-</span> 
     </span>
     <span class='ocr_line' id='line_1_13' title="bbox 317 1431 2920 1519; baseline 0.004 -23"><span class='ocrx_word' id='word_1_90' title='bbox 317 1435 687 1497; x_wconf 85' lang='lat' dir='ltr'>lato-incisa</span> <span class='ocrx_word' id='word_1_91' title='bbox 733 1433 779 1496; x_wconf 89' lang='lat' dir='ltr'>l.</span> <span class='ocrx_word' id='word_1_92' title='bbox 814 1431 1224 1515; x_wconf 90' lang='lat' dir='ltr'>pinnatifida,</span> <span class='ocrx_word' id='word_1_93' title='bbox 1279 1435 1425 1516; x_wconf 88' lang='lat' dir='ltr'>pilis</span> <span class='ocrx_word' id='word_1_94' title='bbox 1455 1435 1493 1497; x_wconf 78' lang='lat'>2</span> <span class='ocrx_word' id='word_1_95' title='bbox 1525 1435 1933 1499; x_wconf 67' lang='lat' dir='ltr'>annularibus</span> <span class='ocrx_word' id='word_1_96' title='bbox 1963 1437 2005 1498; x_wconf 89' lang='lat' dir='ltr'>l.</span> <span class='ocrx_word' id='word_1_97' title='bbox 2043 1438 2107 1502; x_wconf 89' lang='lat' dir='ltr'>in</span> <span class='ocrx_word' id='word_1_98' title='bbox 2141 1436 2501 1519; x_wconf 83' lang='lat' dir='ltr'>glandulam</span> <span class='ocrx_word' id='word_1_99' title='bbox 2534 1441 2920 1506; x_wconf 85' lang='lat' dir='ltr'>exeuntibus</span> 
     </span>
     <span class='ocr_line' id='line_1_14' title="bbox 315 1535 2512 1626; baseline 0.003 -28"><span class='ocrx_word' id='word_1_100' title='bbox 315 1539 567 1602; x_wconf 85' lang='lat' dir='ltr'>vestita.</span> <span class='ocrx_word' id='word_1_101' title='bbox 632 1539 922 1600; x_wconf 83' lang='lat' dir='ltr'>Nervatie</span> <span class='ocrx_word' id='word_1_102' title='bbox 948 1535 1426 1620; x_wconf 67' lang='lat' dir='ltr'>Cyclopbsridis.</span> <span class='ocrx_word' id='word_1_103' title='bbox 1505 1537 1709 1622; x_wconf 90' lang='lat' dir='ltr'>(Costa</span> <span class='ocrx_word' id='word_1_104' title='bbox 1743 1540 1939 1621; x_wconf 83' lang='lat' dir='ltr'>igitur</span> <span class='ocrx_word' id='word_1_105' title='bbox 1967 1558 2095 1603; x_wconf 88' lang='lat' dir='ltr'>non</span> <span class='ocrx_word' id='word_1_106' title='bbox 2126 1539 2512 1626; x_wconf 82' lang='lat' dir='ltr'>manifesta).</span> 
     </span>
    </p>
   </div>
   <div class='ocr_carea' id='block_1_6' title="bbox 314 1658 3006 1953">
    <p class='ocr_par' dir='ltr' id='par_1_7' title="bbox 314 1658 3006 1953">
     <span class='ocr_line' id='line_1_15' title="bbox 455 1658 3006 1743; baseline 0.003 -22"><span class='ocrx_word' id='word_1_107' title='bbox 455 1658 1047 1722; x_wconf 78' lang='lat' dir='ltr'>Paleaerhizomatis</span> <span class='ocrx_word' id='word_1_108' title='bbox 1062 1659 1802 1740; x_wconf 82' lang='lat' dir='ltr'>elongato-lanceolatae,</span> <span class='ocrx_word' id='word_1_109' title='bbox 1839 1663 2298 1743; x_wconf 74' lang='lat' dir='ltr'>integerrimae,</span> <span class='ocrx_word' id='word_1_110' title='bbox 2328 1662 2650 1726; x_wconf 75' lang='lat' dir='ltr'>laxissime</span> <span class='ocrx_word' id='word_1_111' title='bbox 2673 1667 2922 1728; x_wconf 88' lang='lat' dir='ltr'>reticu-</span> <span class='ocrx_word' id='word_1_112' title='bbox 3000 1709 3006 1720; x_wconf 78' lang='lat'><em>,</em></span> 
     </span>
     <span class='ocr_line' id='line_1_16' title="bbox 318 1758 2919 1873; baseline 0.002 -50"><span class='ocrx_word' id='word_1_113' title='bbox 318 1763 512 1839; x_wconf 88' lang='lat' dir='ltr'>latae,</span> <span class='ocrx_word' id='word_1_114' title='bbox 568 1763 806 1826; x_wconf 87' lang='lat' dir='ltr'>lumine</span> <span class='ocrx_word' id='word_1_115' title='bbox 846 1762 1093 1844; x_wconf 84' lang='lat' dir='ltr'>amplo,</span> <span class='ocrx_word' id='word_1_116' title='bbox 1132 1764 1453 1826; x_wconf 79' lang='lat' dir='ltr'>rarissime</span> <span class='ocrx_word' id='word_1_117' title='bbox 1482 1758 1587 1826; x_wconf 87' lang='lat' dir='ltr'>hic</span> <span class='ocrx_word' id='word_1_118' title='bbox 1611 1764 1740 1827; x_wconf 89' lang='lat' dir='ltr'>illic</span> <span class='ocrx_word' id='word_1_119' title='bbox 1770 1763 2073 1828; x_wconf 77' lang='lat' dir='ltr'>dentibus</span> <span class='ocrx_word' id='word_1_120' title='bbox 2104 1763 2484 1873; x_wconf 78' lang='lat' dir='ltr'>longissimis</span> <span class='ocrx_word' id='word_1_121' title='bbox 2513 1767 2693 1847; x_wconf 87' lang='lat' dir='ltr'>apice</span> <span class='ocrx_word' id='word_1_122' title='bbox 2725 1767 2919 1848; x_wconf 85' lang='lat' dir='ltr'>glan-</span> 
     </span>
     <span class='ocr_line' id='line_1_17' title="bbox 314 1846 2919 1953; baseline 0.002 -25"><span class='ocrx_word' id='word_1_123' title='bbox 314 1862 604 1928; x_wconf 86' lang='lat' dir='ltr'>duliferis</span> <span class='ocrx_word' id='word_1_124' title='bbox 639 1868 931 1945; x_wconf 89' lang='lat' dir='ltr'>vestitae;</span> <span class='ocrx_word' id='word_1_125' title='bbox 977 1864 1122 1930; x_wconf 82' lang='lat' dir='ltr'>folia</span> <span class='ocrx_word' id='word_1_126' title='bbox 1155 1864 1408 1953; x_wconf 57' lang='lat'>2--44&#39;&#39;</span> <span class='ocrx_word' id='word_1_127' title='bbox 1455 1867 1672 1949; x_wconf 81' lang='lat' dir='ltr'>longa3</span> <span class='ocrx_word' id='word_1_128' title='bbox 1733 1868 2006 1951; x_wconf 88' lang='lat' dir='ltr'>petiolus</span> <span class='ocrx_word' id='word_1_129' title='bbox 2048 1846 2372 1932; x_wconf 81' lang='lat' dir='ltr'>rarissime</span> <span class='ocrx_word' id='word_1_130' title='bbox 2413 1868 2728 1952; x_wconf 74' lang='lat' dir='ltr'>glandulis</span> <span class='ocrx_word' id='word_1_131' title='bbox 2770 1890 2919 1933; x_wconf 90' lang='lat' dir='ltr'>ma-</span> 
     </span>
    </p>
   </div>
   <div class='ocr_carea' id='block_1_7' title="bbox 313 1968 2917 2135">
    <p class='ocr_par' dir='ltr' id='par_1_8' title="bbox 313 1968 2917 2135">
     <span class='ocr_line' id='line_1_18' title="bbox 313 1968 2917 2055; baseline 0.003 -26"><span class='ocrx_word' id='word_1_132' title='bbox 313 1970 452 2049; x_wconf 85' lang='lat' dir='ltr'>gnis</span> <span class='ocrx_word' id='word_1_133' title='bbox 484 1968 854 2045; x_wconf 81' lang='lat' dir='ltr'>sessilibus,</span> <span class='ocrx_word' id='word_1_134' title='bbox 902 1987 1228 2053; x_wconf 86' lang='lat' dir='ltr'>nunquam</span> <span class='ocrx_word' id='word_1_135' title='bbox 1261 1968 1581 2052; x_wconf 83' lang='lat' dir='ltr'>glandulis</span> <span class='ocrx_word' id='word_1_136' title='bbox 1610 1973 1968 2038; x_wconf 88' lang='lat' dir='ltr'>minoribus</span> <span class='ocrx_word' id='word_1_137' title='bbox 2007 1970 2401 2055; x_wconf 89' lang='lat' dir='ltr'>pedicellatis</span> <span class='ocrx_word' id='word_1_138' title='bbox 2442 1971 2711 2037; x_wconf 82' lang='lat' dir='ltr'>obsitus.</span> <span class='ocrx_word' id='word_1_139' title='bbox 2772 1971 2917 2038; x_wconf 81' lang='lat' dir='ltr'>Au-</span> 
     </span>
     <span class='ocr_line' id='line_1_19' title="bbox 314 2072 896 2135; baseline 0.012 -2"><span class='ocrx_word' id='word_1_140' title='bbox 314 2072 558 2135; x_wconf 87' lang='lat' dir='ltr'>stralia.</span> <span class='ocrx_word' id='word_1_141' title='bbox 886 2087 896 2098; x_wconf 89' lang='lat'><strong><em>‘</em></strong></span> 
     </span>
    </p>
   </div>
   <div class='ocr_carea' id='block_1_8' title="bbox 180 2190 2918 3229">
    <p class='ocr_par' dir='ltr' id='par_1_9' title="bbox 481 2190 2577 2278">
     <span class='ocr_line' id='line_1_20' title="bbox 481 2190 2577 2278; baseline 0.002 -23"><span class='ocrx_word' id='word_1_142' title='bbox 481 2190 619 2255; x_wconf 86' lang='lat' dir='ltr'>Alia</span> <span class='ocrx_word' id='word_1_143' title='bbox 651 2194 896 2274; x_wconf 84' lang='lat' dir='ltr'>species</span> <span class='ocrx_word' id='word_1_144' title='bbox 925 2194 1133 2258; x_wconf 88' lang='lat' dir='ltr'>affinis</span> <span class='ocrx_word' id='word_1_145' title='bbox 1161 2205 1262 2261; x_wconf 89' lang='lat' dir='ltr'>est</span> <span class='ocrx_word' id='word_1_146' title='bbox 1290 2195 1597 2260; x_wconf 58' lang='lat' dir='ltr'>commen</span> <span class='ocrx_word' id='word_1_147' title='bbox 1624 2198 2209 2278; x_wconf 68' lang='lat' dir='ltr'>papavenefelinm</span> <span class='ocrx_word' id='word_1_148' title='bbox 2237 2201 2401 2264; x_wconf 67' lang='grc' dir='ltr'>Μαι.</span> <span class='ocrx_word' id='word_1_149' title='bbox 2438 2197 2485 2260; x_wconf 92' lang='lat' dir='ltr'>l.</span> <span class='ocrx_word' id='word_1_150' title='bbox 2522 2215 2577 2260; x_wconf 87' lang='lat' dir='ltr'>c.</span> 
     </span>
    </p>

    <p class='ocr_par' dir='ltr' id='par_1_10' title="bbox 316 2296 2917 2482">
     <span class='ocr_line' id='line_1_21' title="bbox 484 2296 2917 2383; baseline 0.003 -26"><span class='ocrx_word' id='word_1_151' title='bbox 484 2296 643 2374; x_wconf 72' lang='lat' dir='ltr'>Syn.</span> <span class='ocrx_word' id='word_1_152' title='bbox 708 2298 1227 2381; x_wconf 78' lang='lat' dir='ltr'>Gymnogramme</span> <span class='ocrx_word' id='word_1_153' title='bbox 1269 2300 1418 2363; x_wconf 75' lang='lat' dir='ltr'>Kze.</span> <span class='ocrx_word' id='word_1_154' title='bbox 1464 2334 1552 2347; x_wconf 95' lang='lat'>—</span> <span class='ocrx_word' id='word_1_155' title='bbox 1594 2301 2001 2365; x_wconf 87' lang='lat' dir='ltr'>Pleurosorus</span> <span class='ocrx_word' id='word_1_156' title='bbox 2044 2301 2179 2365; x_wconf 56' lang='lat' dir='ltr'>Fae.</span> <span class='ocrx_word' id='word_1_157' title='bbox 2218 2336 2299 2349; x_wconf 91' lang='lat'>-</span> <span class='ocrx_word' id='word_1_158' title='bbox 2329 2298 2701 2383; x_wconf 81' lang='lat' dir='ltr'>Asplenium</span> <span class='ocrx_word' id='word_1_159' title='bbox 2732 2302 2917 2365; x_wconf 90' lang='lat' dir='ltr'>cilia-</span> 
     </span>
     <span class='ocr_line' id='line_1_22' title="bbox 316 2399 2421 2482; baseline 0.003 -22"><span class='ocrx_word' id='word_1_160' title='bbox 316 2406 451 2462; x_wconf 87' lang='lat' dir='ltr'>tum</span> <span class='ocrx_word' id='word_1_161' title='bbox 479 2400 645 2482; x_wconf 70' lang='lat' dir='ltr'>Bury</span> <span class='ocrx_word' id='word_1_162' title='bbox 672 2399 719 2463; x_wconf 81' lang='lat' dir='ltr'>f.</span> <span class='ocrx_word' id='word_1_163' title='bbox 755 2420 808 2464; x_wconf 87' lang='lat' dir='ltr'>s.</span> <span class='ocrx_word' id='word_1_164' title='bbox 849 2421 906 2465; x_wconf 92' lang='grc' dir='ltr'>ο.</span> <span class='ocrx_word' id='word_1_165' title='bbox 941 2436 1027 2449; x_wconf 93' lang='lat'>—-</span> <span class='ocrx_word' id='word_1_166' title='bbox 1056 2402 1235 2467; x_wconf 80' lang='lat' dir='ltr'>leon.</span> <span class='ocrx_word' id='word_1_167' title='bbox 1278 2405 1489 2467; x_wconf 76' lang='lat' dir='ltr'>Kunze</span> <span class='ocrx_word' id='word_1_168' title='bbox 1510 2402 1694 2468; x_wconf 90' lang='lat' dir='ltr'>Anal.</span> <span class='ocrx_word' id='word_1_169' title='bbox 1730 2402 1966 2466; x_wconf 88' lang='lat' dir='ltr'>Pterid.</span> <span class='ocrx_word' id='word_1_170' title='bbox 2001 2413 2050 2468; x_wconf 89' lang='lat' dir='ltr'>t.</span> <span class='ocrx_word' id='word_1_171' title='bbox 2086 2405 2239 2468; x_wconf 84' lang='lat' dir='ltr'>vm.</span> <span class='ocrx_word' id='word_1_172' title='bbox 2275 2402 2319 2466; x_wconf 84' lang='lat' dir='ltr'>f.</span> <span class='ocrx_word' id='word_1_173' title='bbox 2358 2405 2421 2467; x_wconf 79' lang='lat'>2.</span> 
     </span>
    </p>

    <p class='ocr_par' dir='ltr' id='par_1_11' title="bbox 314 2505 2918 2904">
     <span class='ocr_line' id='line_1_23' title="bbox 484 2505 2916 2590; baseline 0.003 -25"><span class='ocrx_word' id='word_1_174' title='bbox 484 2505 737 2567; x_wconf 85' lang='lat' dir='ltr'>Lamina</span> <span class='ocrx_word' id='word_1_175' title='bbox 769 2505 896 2568; x_wconf 84' lang='lat' dir='ltr'>late</span> <span class='ocrx_word' id='word_1_176' title='bbox 929 2514 1134 2588; x_wconf 82' lang='lat' dir='ltr'>ovata,</span> <span class='ocrx_word' id='word_1_177' title='bbox 1170 2506 1684 2590; x_wconf 87' lang='lat' dir='ltr'>bipinnatisecta,</span> <span class='ocrx_word' id='word_1_178' title='bbox 1720 2509 2061 2590; x_wconf 82' lang='lat' dir='ltr'>segmentis</span> <span class='ocrx_word' id='word_1_179' title='bbox 2091 2510 2162 2571; x_wconf 88' lang='grc' dir='ltr'>Π.</span> <span class='ocrx_word' id='word_1_180' title='bbox 2200 2509 2277 2572; x_wconf 92' lang='grc' dir='ltr'>Ο.</span> <span class='ocrx_word' id='word_1_181' title='bbox 2329 2505 2718 2572; x_wconf 88' lang='lat' dir='ltr'>distantibus</span> <span class='ocrx_word' id='word_1_182' title='bbox 2749 2508 2916 2573; x_wconf 89' lang='lat' dir='ltr'>obo—</span> 
     </span>
     <span class='ocr_line' id='line_1_24' title="bbox 315 2607 2918 2695; baseline 0.005 -28"><span class='ocrx_word' id='word_1_183' title='bbox 315 2607 470 2670; x_wconf 85' lang='lat' dir='ltr'>vatis</span> <span class='ocrx_word' id='word_1_184' title='bbox 504 2607 820 2674; x_wconf 88' lang='lat' dir='ltr'>interdum</span> <span class='ocrx_word' id='word_1_185' title='bbox 864 2610 1386 2692; x_wconf 86' lang='lat' dir='ltr'>pinnatipartitis,</span> <span class='ocrx_word' id='word_1_186' title='bbox 1438 2612 1682 2675; x_wconf 88' lang='lat' dir='ltr'>laciniis</span> <span class='ocrx_word' id='word_1_187' title='bbox 1714 2612 2335 2695; x_wconf 86' lang='lat' dir='ltr'>obovate-cuneatis,</span> <span class='ocrx_word' id='word_1_188' title='bbox 2371 2610 2640 2694; x_wconf 85' lang='lat' dir='ltr'>obtusis,</span> <span class='ocrx_word' id='word_1_189' title='bbox 2680 2613 2918 2679; x_wconf 89' lang='lat' dir='ltr'>subin-</span> 
     </span>
     <span class='ocr_line' id='line_1_25' title="bbox 314 2695 2908 2801; baseline 0.004 -27"><span class='ocrx_word' id='word_1_190' title='bbox 314 2711 473 2774; x_wconf 76' lang='lat' dir='ltr'>oisis‘</span> <span class='ocrx_word' id='word_1_191' title='bbox 505 2710 886 2776; x_wconf 86' lang='lat' dir='ltr'>dentatisve.</span> <span class='ocrx_word' id='word_1_192' title='bbox 950 2714 1097 2776; x_wconf 90' lang='lat' dir='ltr'>Tota</span> <span class='ocrx_word' id='word_1_193' title='bbox 1143 2695 1355 2796; x_wconf 62' lang='lat' dir='ltr'>planta</span> <span class='ocrx_word' id='word_1_194' title='bbox 1400 2717 1544 2797; x_wconf 90' lang='lat' dir='ltr'>pilis</span> <span class='ocrx_word' id='word_1_195' title='bbox 1589 2716 1827 2799; x_wconf 79' lang='lat' dir='ltr'>longiS‚</span> <span class='ocrx_word' id='word_1_196' title='bbox 1879 2716 2174 2781; x_wconf 89' lang='lat' dir='ltr'>omnibus</span> <span class='ocrx_word' id='word_1_197' title='bbox 2217 2717 2394 2799; x_wconf 88' lang='lat' dir='ltr'>apice</span> <span class='ocrx_word' id='word_1_198' title='bbox 2436 2713 2908 2801; x_wconf 88' lang='lat' dir='ltr'>glanduligeris,</span> 
     </span>
     <span class='ocr_line' id='line_1_26' title="bbox 315 2815 2615 2904; baseline 0.003 -29"><span class='ocrx_word' id='word_1_199' title='bbox 315 2815 579 2880; x_wconf 82' lang='lat' dir='ltr'>hirsuta.</span> <span class='ocrx_word' id='word_1_200' title='bbox 644 2818 966 2882; x_wconf 86' lang='lat' dir='ltr'>Palearum</span> <span class='ocrx_word' id='word_1_201' title='bbox 999 2817 1259 2883; x_wconf 79' lang='lat' dir='ltr'>cellulae</span> <span class='ocrx_word' id='word_1_202' title='bbox 1288 2820 1557 2901; x_wconf 77' lang='lat' dir='ltr'>breveS,</span> <span class='ocrx_word' id='word_1_203' title='bbox 1597 2819 1711 2884; x_wconf 92' lang='lat' dir='ltr'>sed</span> <span class='ocrx_word' id='word_1_204' title='bbox 1741 2821 1980 2884; x_wconf 89' lang='lat' dir='ltr'>lumine</span> <span class='ocrx_word' id='word_1_205' title='bbox 2009 2820 2218 2904; x_wconf 91' lang='lat' dir='ltr'>amplo</span> <span class='ocrx_word' id='word_1_206' title='bbox 2248 2820 2615 2884; x_wconf 87' lang='lat' dir='ltr'>instructae.</span> 
     </span>
    </p>

    <p class='ocr_par' dir='ltr' id='par_1_12' title="bbox 484 2937 2915 3020">
     <span class='ocr_line' id='line_1_27' title="bbox 484 2937 2915 3020; baseline 0.002 -20"><span class='ocrx_word' id='word_1_207' title='bbox 484 2939 627 3020; x_wconf 88' lang='lat' dir='ltr'>lpse</span> <span class='ocrx_word' id='word_1_208' title='bbox 656 2937 889 3003; x_wconf 79' lang='lat' dir='ltr'>formas</span> <span class='ocrx_word' id='word_1_209' title='bbox 919 2937 1327 3006; x_wconf 81' lang='lat' dir='ltr'>intermedias</span> <span class='ocrx_word' id='word_1_210' title='bbox 1358 2940 1527 3002; x_wconf 88' lang='lat' dir='ltr'>inter</span> <span class='ocrx_word' id='word_1_211' title='bbox 1549 2940 1664 3002; x_wconf 86' lang='lat' dir='ltr'>has</span> <span class='ocrx_word' id='word_1_212' title='bbox 1709 2946 1842 3004; x_wconf 89' lang='lat' dir='ltr'>tres</span> <span class='ocrx_word' id='word_1_213' title='bbox 1874 2940 2211 3003; x_wconf 82' lang='lat' dir='ltr'>varietates</span> <span class='ocrx_word' id='word_1_214' title='bbox 2240 2956 2368 3002; x_wconf 88' lang='lat' dir='ltr'>nen</span> <span class='ocrx_word' id='word_1_215' title='bbox 2398 2937 2564 3018; x_wconf 82' lang='lat' dir='ltr'>vidi3</span> <span class='ocrx_word' id='word_1_216' title='bbox 2615 2956 2762 3003; x_wconf 89' lang='lat' dir='ltr'>nam</span> <span class='ocrx_word' id='word_1_217' title='bbox 2795 2941 2915 3004; x_wconf 88' lang='lat' dir='ltr'>hae</span> 
     </span>
    </p>

    <p class='ocr_par' dir='ltr' id='par_1_13' title="bbox 180 3043 2914 3229">
     <span class='ocr_line' id='line_1_28' title="bbox 180 3043 2914 3124; baseline 0.001 -19"><span class='ocrx_word' id='word_1_218' title='bbox 180 3053 191 3062; x_wconf 82' lang='lat'><strong>·</strong></span> <span class='ocrx_word' id='word_1_219' title='bbox 314 3044 575 3124; x_wconf 83' lang='lat' dir='ltr'>plantae</span> <span class='ocrx_word' id='word_1_220' title='bbox 613 3044 679 3105; x_wconf 90' lang='lat' dir='ltr'>in</span> <span class='ocrx_word' id='word_1_221' title='bbox 720 3043 1030 3108; x_wconf 67' lang='lat' dir='ltr'>herbar-iis</span> <span class='ocrx_word' id='word_1_222' title='bbox 1074 3044 1396 3106; x_wconf 86' lang='lat' dir='ltr'>rarissime</span> <span class='ocrx_word' id='word_1_223' title='bbox 1442 3044 1887 3121; x_wconf 85' lang='lat' dir='ltr'>inveniuntur;</span> <span class='ocrx_word' id='word_1_224' title='bbox 1940 3044 2091 3106; x_wconf 89' lang='lat' dir='ltr'>clar.</span> <span class='ocrx_word' id='word_1_225' title='bbox 2143 3049 2357 3105; x_wconf 87' lang='lat' dir='ltr'>autem</span> <span class='ocrx_word' id='word_1_226' title='bbox 2400 3043 2717 3108; x_wconf 68' lang='lat' dir='ltr'>Matienius</span> <span class='ocrx_word' id='word_1_227' title='bbox 2759 3044 2914 3108; x_wconf 88' lang='lat' dir='ltr'>mihi</span> 
     </span>
     <span class='ocr_line' id='line_1_29' title="bbox 314 3128 2741 3229; baseline 0.002 -21"><span class='ocrx_word' id='word_1_228' title='bbox 314 3147 594 3229; x_wconf 82' lang='lat' dir='ltr'>scripsit,</span> <span class='ocrx_word' id='word_1_229' title='bbox 632 3147 895 3209; x_wconf 87' lang='lat' dir='ltr'>alteram</span> <span class='ocrx_word' id='word_1_230' title='bbox 927 3148 995 3210; x_wconf 92' lang='lat' dir='ltr'>in</span> <span class='ocrx_word' id='word_1_231' title='bbox 1026 3146 1291 3210; x_wconf 87' lang='lat' dir='ltr'>alteram</span> <span class='ocrx_word' id='word_1_232' title='bbox 1321 3146 1613 3213; x_wconf 88' lang='lat' dir='ltr'>transire.</span> <span class='ocrx_word' id='word_1_233' title='bbox 2730 3128 2741 3140; x_wconf 53' lang='lat'><em>⁶</em></span> 
     </span>
    </p>
   </div>
   <div class='ocr_carea' id='block_1_9' title="bbox 310 3264 3021 4163">
    <p class='ocr_par' dir='ltr' id='par_1_14' title="bbox 310 3264 3021 3768">
     <span class='ocr_line' id='line_1_30' title="bbox 487 3264 2913 3350; baseline -0 -19"><span class='ocrx_word' id='word_1_234' title='bbox 487 3267 670 3331; x_wconf 74' lang='lat' dir='ltr'>mm.</span> <span class='ocrx_word' id='word_1_235' title='bbox 746 3268 919 3330; x_wconf 83' lang='lat' dir='ltr'>Hanc</span> <span class='ocrx_word' id='word_1_236' title='bbox 962 3266 1236 3348; x_wconf 88' lang='lat' dir='ltr'>speciem</span> <span class='ocrx_word' id='word_1_237' title='bbox 1283 3284 1352 3330; x_wconf 91' lang='lat' dir='ltr'>re</span> <span class='ocrx_word' id='word_1_238' title='bbox 1400 3285 1546 3330; x_wconf 86' lang='lat' dir='ltr'>vera</span> <span class='ocrx_word' id='word_1_239' title='bbox 1588 3265 1669 3335; x_wconf 84' lang='lat' dir='ltr'>ad</span> <span class='ocrx_word' id='word_1_240' title='bbox 1708 3286 1929 3347; x_wconf 18' lang='lat' dir='ltr'>‘genus</span> <span class='ocrx_word' id='word_1_241' title='bbox 1979 3268 2282 3333; x_wconf 73' lang='lat' dir='ltr'>Cetei-ach</span> <span class='ocrx_word' id='word_1_242' title='bbox 2318 3267 2667 3350; x_wconf 86' lang='lat' dir='ltr'>pertinere,</span> <span class='ocrx_word' id='word_1_243' title='bbox 2727 3264 2913 3330; x_wconf 89' lang='lat' dir='ltr'>decet</span> 
     </span>
     <span class='ocr_line' id='line_1_31' title="bbox 310 3368 3021 3455; baseline -0.003 -23"><span class='ocrx_word' id='word_1_244' title='bbox 310 3390 567 3455; x_wconf 85' lang='lat' dir='ltr'>quoque</span> <span class='ocrx_word' id='word_1_245' title='bbox 591 3369 1011 3452; x_wconf 80' lang='lat' dir='ltr'>pulcherrime</span> <span class='ocrx_word' id='word_1_246' title='bbox 1033 3385 1300 3433; x_wconf 85' lang='lat' dir='ltr'>examen</span> <span class='ocrx_word' id='word_1_247' title='bbox 1322 3370 1650 3452; x_wconf 90' lang='lat' dir='ltr'>palearum</span> <span class='ocrx_word' id='word_1_248' title='bbox 1674 3381 1739 3434; x_wconf 88' lang='lat' dir='ltr'>et</span> <span class='ocrx_word' id='word_1_249' title='bbox 1761 3389 2117 3453; x_wconf 86' lang='lat' dir='ltr'>sperarum.</span> <span class='ocrx_word' id='word_1_250' title='bbox 2174 3371 2322 3434; x_wconf 84' lang='lat' dir='ltr'>Illae</span> <span class='ocrx_word' id='word_1_251' title='bbox 2351 3388 2604 3452; x_wconf 85' lang='lat' dir='ltr'>semper</span> <span class='ocrx_word' id='word_1_252' title='bbox 2624 3368 2913 3432; x_wconf 84' lang='lat' dir='ltr'>clathra-</span> <span class='ocrx_word' id='word_1_253' title='bbox 3016 3420 3021 3425; x_wconf 90' lang='lat'><em>.</em></span> 
     </span>
     <span class='ocr_line' id='line_1_32' title="bbox 313 3472 2912 3556; baseline -0.001 -19"><span class='ocrx_word' id='word_1_254' title='bbox 313 3486 437 3556; x_wconf 86' lang='lat' dir='ltr'>tae,</span> <span class='ocrx_word' id='word_1_255' title='bbox 476 3477 597 3538; x_wconf 84' lang='lat' dir='ltr'>hae</span> <span class='ocrx_word' id='word_1_256' title='bbox 626 3475 775 3538; x_wconf 87' lang='lat' dir='ltr'>stria</span> <span class='ocrx_word' id='word_1_257' title='bbox 820 3474 1098 3541; x_wconf 85' lang='lat' dir='ltr'>solitaria</span> <span class='ocrx_word' id='word_1_258' title='bbox 1137 3480 1425 3553; x_wconf 85' lang='lat' dir='ltr'>notatae,</span> <span class='ocrx_word' id='word_1_259' title='bbox 1473 3481 1551 3536; x_wconf 86' lang='lat' dir='ltr'>ut</span> <span class='ocrx_word' id='word_1_260' title='bbox 1588 3476 1655 3536; x_wconf 94' lang='lat' dir='ltr'>in</span> <span class='ocrx_word' id='word_1_261' title='bbox 1687 3474 1987 3539; x_wconf 86' lang='lat' dir='ltr'>Ceterach</span> <span class='ocrx_word' id='word_1_262' title='bbox 2031 3483 2097 3538; x_wconf 84' lang='lat' dir='ltr'>et</span> <span class='ocrx_word' id='word_1_263' title='bbox 2122 3472 2475 3556; x_wconf 79' lang='lat' dir='ltr'>Aspleniis3</span> <span class='ocrx_word' id='word_1_264' title='bbox 2527 3475 2590 3534; x_wconf 92' lang='lat' dir='ltr'>in</span> <span class='ocrx_word' id='word_1_265' title='bbox 2624 3472 2912 3555; x_wconf 81' lang='lat' dir='ltr'>Gymne-</span> 
     </span>
     <span class='ocr_line' id='line_1_33' title="bbox 313 3563 2928 3661; baseline -0.002 -18"><span class='ocrx_word' id='word_1_266' title='bbox 313 3598 594 3661; x_wconf 83' lang='lat' dir='ltr'>gramme</span> <span class='ocrx_word' id='word_1_267' title='bbox 622 3585 837 3643; x_wconf 86' lang='lat' dir='ltr'>autem</span> <span class='ocrx_word' id='word_1_268' title='bbox 869 3577 1090 3660; x_wconf 89' lang='lat' dir='ltr'>paleae</span> <span class='ocrx_word' id='word_1_269' title='bbox 1119 3596 1248 3641; x_wconf 89' lang='lat' dir='ltr'>nen</span> <span class='ocrx_word' id='word_1_270' title='bbox 1278 3578 1628 3642; x_wconf 85' lang='lat' dir='ltr'>clathratae</span> <span class='ocrx_word' id='word_1_271' title='bbox 1646 3596 1928 3659; x_wconf 79' lang='lat' dir='ltr'>„sperae</span> <span class='ocrx_word' id='word_1_272' title='bbox 1958 3577 2130 3641; x_wconf 84' lang='lat' dir='ltr'>striis</span> <span class='ocrx_word' id='word_1_273' title='bbox 2161 3576 2368 3640; x_wconf 88' lang='lat' dir='ltr'>tribus</span> <span class='ocrx_word' id='word_1_274' title='bbox 2399 3582 2689 3652; x_wconf 86' lang='lat' dir='ltr'>notatae;</span> <span class='ocrx_word' id='word_1_275' title='bbox 2740 3563 2928 3639; x_wconf 82' lang='lat' dir='ltr'>unde</span> 
     </span>
     <span class='ocr_line' id='line_1_34' title="bbox 315 3679 1921 3768; baseline -0.001 -23"><span class='ocrx_word' id='word_1_276' title='bbox 315 3684 471 3768; x_wconf 84' lang='lat' dir='ltr'>haec</span> <span class='ocrx_word' id='word_1_277' title='bbox 499 3702 735 3766; x_wconf 85' lang='lat' dir='ltr'>organa</span> <span class='ocrx_word' id='word_1_278' title='bbox 766 3684 834 3745; x_wconf 92' lang='lat' dir='ltr'>in</span> <span class='ocrx_word' id='word_1_279' title='bbox 866 3681 1139 3745; x_wconf 82' lang='lat' dir='ltr'>filicibus</span> <span class='ocrx_word' id='word_1_280' title='bbox 1168 3699 1498 3766; x_wconf 85' lang='lat' dir='ltr'>nunquam</span> <span class='ocrx_word' id='word_1_281' title='bbox 1528 3679 1921 3765; x_wconf 87' lang='lat' dir='ltr'>negligenda.</span> 
     </span>
    </p>

    <p class='ocr_par' dir='ltr' id='par_1_15' title="bbox 314 3781 2914 4163">
     <span class='ocr_line' id='line_1_35' title="bbox 484 3781 2914 3872; baseline -0.001 -21"><span class='ocrx_word' id='word_1_282' title='bbox 484 3786 782 3852; x_wconf 79' lang='lat' dir='ltr'>Geterach</span> <span class='ocrx_word' id='word_1_283' title='bbox 806 3785 998 3851; x_wconf 66' lang='lat' dir='ltr'>Posui</span> <span class='ocrx_word' id='word_1_284' title='bbox 1020 3794 1085 3848; x_wconf 89' lang='lat' dir='ltr'>et</span> <span class='ocrx_word' id='word_1_285' title='bbox 1114 3786 1359 3868; x_wconf 88' lang='lat' dir='ltr'>species</span> <span class='ocrx_word' id='word_1_286' title='bbox 1389 3785 1610 3872; x_wconf 89' lang='lat' dir='ltr'>affines</span> <span class='ocrx_word' id='word_1_287' title='bbox 1640 3803 1675 3848; x_wconf 93' lang='lat' dir='ltr'>a</span> <span class='ocrx_word' id='word_1_288' title='bbox 1700 3785 1991 3869; x_wconf 89' lang='lat' dir='ltr'>plurimis</span> <span class='ocrx_word' id='word_1_289' title='bbox 2014 3781 2327 3847; x_wconf 85' lang='lat' dir='ltr'>botanicis</span> <span class='ocrx_word' id='word_1_290' title='bbox 2350 3782 2433 3846; x_wconf 84' lang='lat' dir='ltr'>ad</span> <span class='ocrx_word' id='word_1_291' title='bbox 2455 3801 2658 3866; x_wconf 87' lang='lat' dir='ltr'>genus</span> <span class='ocrx_word' id='word_1_292' title='bbox 2678 3784 2914 3848; x_wconf 87' lang='lat' dir='ltr'>Gram-</span> 
     </span>
     <span class='ocr_line' id='line_1_36' title="bbox 315 3888 2914 3970; baseline -0.002 -16"><span class='ocrx_word' id='word_1_293' title='bbox 315 3891 600 3955; x_wconf 85' lang='lat' dir='ltr'>mitidem</span> <span class='ocrx_word' id='word_1_294' title='bbox 632 3891 1051 3970; x_wconf 81' lang='lat' dir='ltr'>collocantur3</span> <span class='ocrx_word' id='word_1_295' title='bbox 1104 3897 1276 3953; x_wconf 87' lang='lat' dir='ltr'>certo</span> <span class='ocrx_word' id='word_1_296' title='bbox 1318 3891 1668 3967; x_wconf 47' lang='lat' dir='ltr'>immeritem</span> <span class='ocrx_word' id='word_1_297' title='bbox 1714 3904 1865 3951; x_wconf 90' lang='lat' dir='ltr'>nam</span> <span class='ocrx_word' id='word_1_298' title='bbox 1897 3890 2024 3952; x_wconf 87' lang='lat' dir='ltr'>sori</span> <span class='ocrx_word' id='word_1_299' title='bbox 2054 3888 2465 3951; x_wconf 85' lang='lat' dir='ltr'>unilaterales</span> <span class='ocrx_word' id='word_1_300' title='bbox 2495 3896 2679 3969; x_wconf 83' lang='lat' dir='ltr'>sunt,</span> <span class='ocrx_word' id='word_1_301' title='bbox 2730 3893 2914 3950; x_wconf 81' lang='lat' dir='ltr'>cete-‘-</span> 
     </span>
     <span class='ocr_line' id='line_1_37' title="bbox 316 3979 2908 4076; baseline -0.002 -16"><span class='ocrx_word' id='word_1_302' title='bbox 316 4013 454 4060; x_wconf 90' lang='lat' dir='ltr'>rum</span> <span class='ocrx_word' id='word_1_303' title='bbox 487 3995 745 4058; x_wconf 83' lang='lat' dir='ltr'>habitus</span> <span class='ocrx_word' id='word_1_304' title='bbox 766 4041 783 4073; x_wconf 87' lang='lat'>,</span> <span class='ocrx_word' id='word_1_305' title='bbox 829 3993 1113 4058; x_wconf 81' lang='lat' dir='ltr'>fasciculi</span> <span class='ocrx_word' id='word_1_306' title='bbox 1153 3991 1410 4075; x_wconf 84' lang='lat' dir='ltr'>petioli,</span> <span class='ocrx_word' id='word_1_307' title='bbox 1459 3993 1717 4075; x_wconf 89' lang='lat' dir='ltr'>paleae,</span> <span class='ocrx_word' id='word_1_308' title='bbox 1765 4011 1990 4076; x_wconf 84' lang='lat' dir='ltr'>sperae</span> <span class='ocrx_word' id='word_1_309' title='bbox 2022 3979 2275 4056; x_wconf 80' lang='lat' dir='ltr'>omnino</span> <span class='ocrx_word' id='word_1_310' title='bbox 2306 3992 2528 4056; x_wconf 90' lang='lat' dir='ltr'>eadem</span> <span class='ocrx_word' id='word_1_311' title='bbox 2556 3998 2712 4055; x_wconf 90' lang='lat' dir='ltr'>sunt</span> <span class='ocrx_word' id='word_1_312' title='bbox 2740 4010 2813 4054; x_wconf 92' lang='lat' dir='ltr'>ac</span> <span class='ocrx_word' id='word_1_313' title='bbox 2844 3992 2908 4054; x_wconf 90' lang='lat' dir='ltr'>in</span> 
     </span>
     <span class='ocr_line' id='line_1_38' title="bbox 314 4098 1070 4163; baseline -0.004 0"><span class='ocrx_word' id='word_1_314' title='bbox 314 4099 624 4163; x_wconf 79' lang='lat' dir='ltr'>Ceterach</span> <span class='ocrx_word' id='word_1_315' title='bbox 655 4098 1070 4162; x_wconf 88' lang='lat' dir='ltr'>officinarum.</span> 
     </span>
    </p>
   </div>
   <div class='ocr_carea' id='block_1_10' title="bbox 311 4212 2918 4716">
    <p class='ocr_par' dir='ltr' id='par_1_16' title="bbox 311 4212 2918 4716">
     <span class='ocr_line' id='line_1_39' title="bbox 486 4212 2910 4302; baseline -0.004 -18"><span class='ocrx_word' id='word_1_316' title='bbox 486 4218 656 4284; x_wconf 84' lang='lat' dir='ltr'>Clar.</span> <span class='ocrx_word' id='word_1_317' title='bbox 692 4219 872 4284; x_wconf 79' lang='lat' dir='ltr'>Presl</span> <span class='ocrx_word' id='word_1_318' title='bbox 898 4220 1142 4302; x_wconf 89' lang='lat' dir='ltr'>species</span> <span class='ocrx_word' id='word_1_319' title='bbox 1173 4217 1254 4284; x_wconf 89' lang='lat' dir='ltr'>ad</span> <span class='ocrx_word' id='word_1_320' title='bbox 1284 4236 1484 4300; x_wconf 81' lang='lat' dir='ltr'>genus</span> <span class='ocrx_word' id='word_1_321' title='bbox 1512 4217 1816 4282; x_wconf 84' lang='lat' dir='ltr'>Ceterach</span> <span class='ocrx_word' id='word_1_322' title='bbox 1861 4218 2256 4299; x_wconf 80' lang='lat' dir='ltr'>pertinentes</span> <span class='ocrx_word' id='word_1_323' title='bbox 2301 4212 2383 4278; x_wconf 88' lang='lat' dir='ltr'>ad</span> <span class='ocrx_word' id='word_1_324' title='bbox 2430 4233 2632 4297; x_wconf 84' lang='lat' dir='ltr'>genus</span> <span class='ocrx_word' id='word_1_325' title='bbox 2662 4213 2910 4295; x_wconf 76' lang='lat' dir='ltr'><strong>»Gym-</strong></span> 
     </span>
     <span class='ocr_line' id='line_1_40' title="bbox 312 4317 2909 4406; baseline -0.002 -22"><span class='ocrx_word' id='word_1_326' title='bbox 312 4339 722 4405; x_wconf 75' lang='lat' dir='ltr'>nogramma«</span> <span class='ocrx_word' id='word_1_327' title='bbox 783 4320 867 4406; x_wconf 90' lang='lat' dir='ltr'>(in</span> <span class='ocrx_word' id='word_1_328' title='bbox 910 4325 1194 4386; x_wconf 85' lang='lat' dir='ltr'>Teutam.</span> <span class='ocrx_word' id='word_1_329' title='bbox 1246 4319 1589 4402; x_wconf 85' lang='lat' dir='ltr'>Pteridegr.</span> <span class='ocrx_word' id='word_1_330' title='bbox 1644 4340 1710 4403; x_wconf 91' lang='lat' dir='ltr'>p.</span> <span class='ocrx_word' id='word_1_331' title='bbox 1768 4319 1915 4405; x_wconf 72' lang='lat'>2⁴9)</span> <span class='ocrx_word' id='word_1_332' title='bbox 1957 4321 2219 4383; x_wconf 89' lang='lat' dir='ltr'>collocat</span> <span class='ocrx_word' id='word_1_333' title='bbox 2265 4337 2390 4382; x_wconf 89' lang='lat' dir='ltr'>una</span> <span class='ocrx_word' id='word_1_334' title='bbox 2433 4336 2576 4381; x_wconf 88' lang='lat' dir='ltr'>cum</span> <span class='ocrx_word' id='word_1_335' title='bbox 2621 4317 2909 4399; x_wconf 85' lang='lat' dir='ltr'>Gymne-</span> 
     </span>
     <span class='ocr_line' id='line_1_41' title="bbox 311 4416 2913 4509; baseline -0.003 -20"><span class='ocrx_word' id='word_1_336' title='bbox 311 4444 595 4507; x_wconf 82' lang='lat' dir='ltr'>gramme</span> <span class='ocrx_word' id='word_1_337' title='bbox 622 4426 1005 4509; x_wconf 79' lang='lat' dir='ltr'>leptophylla</span> <span class='ocrx_word' id='word_1_338' title='bbox 1059 4436 1123 4488; x_wconf 90' lang='lat' dir='ltr'>et</span> <span class='ocrx_word' id='word_1_339' title='bbox 1167 4426 1308 4491; x_wconf 87' lang='lat' dir='ltr'>aliis</span> <span class='ocrx_word' id='word_1_340' title='bbox 1352 4423 1723 4508; x_wconf 85' lang='lat' dir='ltr'>speciebus3</span> <span class='ocrx_word' id='word_1_341' title='bbox 1772 4422 1886 4485; x_wconf 90' lang='lat' dir='ltr'>sed</span> <span class='ocrx_word' id='word_1_342' title='bbox 1917 4422 2000 4485; x_wconf 87' lang='lat' dir='ltr'>ab</span> <span class='ocrx_word' id='word_1_343' title='bbox 2032 4422 2131 4484; x_wconf 87' lang='lat' dir='ltr'>his</span> <span class='ocrx_word' id='word_1_344' title='bbox 2160 4438 2412 4504; x_wconf 89' lang='lat' dir='ltr'>quoque</span> <span class='ocrx_word' id='word_1_345' title='bbox 2444 4418 2744 4483; x_wconf 82' lang='lat' dir='ltr'>Ceterach</span> <span class='ocrx_word' id='word_1_346' title='bbox 2775 4416 2913 4481; x_wconf 76' lang='lat' dir='ltr'>dif-</span> 
     </span>
     <span class='ocr_line' id='line_1_42' title="bbox 314 4521 2912 4611; baseline -0.003 -21"><span class='ocrx_word' id='word_1_347' title='bbox 314 4529 434 4594; x_wconf 76' lang='lat' dir='ltr'>lert</span> <span class='ocrx_word' id='word_1_348' title='bbox 475 4530 640 4594; x_wconf 89' lang='lat' dir='ltr'>soris</span> <span class='ocrx_word' id='word_1_349' title='bbox 680 4530 1168 4595; x_wconf 87' lang='lat' dir='ltr'>unilateralibus</span> <span class='ocrx_word' id='word_1_350' title='bbox 1211 4539 1274 4593; x_wconf 89' lang='lat' dir='ltr'>et</span> <span class='ocrx_word' id='word_1_351' title='bbox 1301 4528 1527 4611; x_wconf 86' lang='lat' dir='ltr'>paleis.</span> <span class='ocrx_word' id='word_1_352' title='bbox 1593 4527 1813 4589; x_wconf 87' lang='lat' dir='ltr'>Paleae</span> <span class='ocrx_word' id='word_1_353' title='bbox 1856 4527 1923 4587; x_wconf 87' lang='lat' dir='ltr'>in</span> <span class='ocrx_word' id='word_1_354' title='bbox 1956 4524 2261 4590; x_wconf 84' lang='lat' dir='ltr'>Ceterach</span> <span class='ocrx_word' id='word_1_355' title='bbox 2292 4521 2626 4604; x_wconf 87' lang='lat' dir='ltr'>speciebus</span> <span class='ocrx_word' id='word_1_356' title='bbox 2656 4539 2912 4605; x_wconf 86' lang='lat' dir='ltr'>semper</span> 
     </span>
     <span class='ocr_line' id='line_1_43' title="bbox 311 4627 2918 4716; baseline -0.002 -21"><span class='ocrx_word' id='word_1_357' title='bbox 311 4633 665 4697; x_wconf 84' lang='lat' dir='ltr'>clathratae</span> <span class='ocrx_word' id='word_1_358' title='bbox 684 4680 701 4715; x_wconf 94' lang='lat'>,</span> <span class='ocrx_word' id='word_1_359' title='bbox 752 4633 1254 4716; x_wconf 84' lang='lat' dir='ltr'>asplenioideae,</span> <span class='ocrx_word' id='word_1_360' title='bbox 1291 4630 1403 4695; x_wconf 89' lang='lat' dir='ltr'>sed</span> <span class='ocrx_word' id='word_1_361' title='bbox 1434 4632 1499 4695; x_wconf 88' lang='lat' dir='ltr'>in</span> <span class='ocrx_word' id='word_1_362' title='bbox 1533 4630 2074 4714; x_wconf 85' lang='lat' dir='ltr'>Gymnogrammis</span> <span class='ocrx_word' id='word_1_363' title='bbox 2105 4627 2274 4692; x_wconf 85' lang='lat' dir='ltr'>veris</span> <span class='ocrx_word' id='word_1_364' title='bbox 2305 4644 2558 4709; x_wconf 86' lang='lat' dir='ltr'>semper</span> <span class='ocrx_word' id='word_1_365' title='bbox 2584 4632 2918 4710; x_wconf 85' lang='lat' dir='ltr'>cystopte-</span> 
     </span>
    </p>
   </div>
   <div class='ocr_carea' id='block_1_11' title="bbox 308 4734 2493 4907">
    <p class='ocr_par' dir='ltr' id='par_1_17' title="bbox 308 4734 2493 4907">
     <span class='ocr_line' id='line_1_44' title="bbox 308 4734 1032 4802; baseline 0.001 -2"><span class='ocrx_word' id='word_1_366' title='bbox 308 4734 566 4801; x_wconf 82' lang='lat' dir='ltr'>roideae</span> <span class='ocrx_word' id='word_1_367' title='bbox 591 4737 1032 4802; x_wconf 85' lang='lat' dir='ltr'>inveniuntur.</span> 
     </span>
     <span class='ocr_line' id='line_1_45' title="bbox 443 4852 2493 4907; baseline 0.003 -11"><span class='ocrx_word' id='word_1_368' title='bbox 443 4852 548 4897; x_wconf 72' lang='grc' dir='ltr'>ΠΗ</span> <span class='ocrx_word' id='word_1_369' title='bbox 560 4853 624 4898; x_wconf 79' lang='lat' dir='ltr'>(le</span> <span class='ocrx_word' id='word_1_370' title='bbox 637 4885 650 4907; x_wconf 82' lang='grc'><strong>.</strong></span> <span class='ocrx_word' id='word_1_371' title='bbox 684 4854 868 4900; x_wconf 61' lang='lat' dir='ltr'>filices.</span> <span class='ocrx_word' id='word_1_372' title='bbox 1368 4865 1373 4870; x_wconf 88' lang='lat'><em>·</em></span> <span class='ocrx_word' id='word_1_373' title='bbox 2463 4855 2493 4902; x_wconf 77' lang='lat'>‘1</span> 
     </span>
    </p>
   </div>
  </div>
 </body>
</html>
