3509 5267
507 4027 518 4148 l

545 4053 553 4096 l

584 235 710 312 192
818 265 821 267 ’
1015 318 1020 323 .
1118 227 1126 235 ’
1470 239 1476 244 ’
1651 235 2127 315 ophiogloaseae.

587 408 927 489 generibus
957 408 1060 474 hic
1090 424 1340 489 quoque
1371 425 1405 468 a
1439 408 1518 469 cl.
1555 409 1732 471 Presl
1763 427 2064 471 numerus
2090 409 2564 490 Botrychiorum
2592 405 2933 472 admodum
2964 420 3188 475 auctus

587 520 707 592 est,
746 520 817 578 ut
846 531 926 576 ex
961 511 1083 572 illis
1121 509 1199 572 47
1230 509 1568 590 speciebus
1600 531 1829 574 novem
1864 511 2238 590 rejiciendas
2273 511 2558 574 habeam.
2599 523 2694 570 —.-*

762 617 986 680 Contra
1031 633 1146 704 ego
1193 614 1422 676 summi
1471 617 1769 676 momenti
1817 616 2282 678 collocationem
2331 618 2634 697 segmenti
2679 617 2910 679 sterilis
2958 617 3182 695 habeo,

586 718 755 802 quod
785 729 899 786 aut
930 735 1126 799 prope
1157 717 1430 782 rhizoma
1465 725 1576 780 aut
1608 720 1671 781 in
1706 716 1910 781 media
1943 720 2192 799 planta,
2230 719 2410 799 longe
2442 738 2476 780 a
2513 719 2853 782 rbizomate
2883 728 3189 783 remotum

588 824 928 892 insanitur.
999 818 1238 885 Deinde
1277 820 1625 901 epidermis
1672 820 2089 884 differentiam
2133 821 2672 884 distinctissimam
2708 827 3035 903 nunquam
3069 842 3189 885 va-

587 928 871 992 riabilem
919 926 1215 1007 praebet3
1270 926 1421 988 baec
1464 926 1630 986 enim
1677 927 1738 985 in
1787 927 1969 987 unica
2005 915 2214 1004 specie
2267 922 2350 1005 (in
2385 927 2713 1007 Botrychio
2743 929 3115 1008 virginiano)
3153 946 3190 987 e

584 1031 829 1096 cellulis
862 1031 1157 1094 flexuosis
1189 1030 1528 1109 composita
1563 1036 1681 1106 est,
1720 1035 1794 1090 ut
1825 1029 1888 1089 in
1923 1029 2245 1110 plerisque
2278 1029 2740 1111 Polypodiaceis
2773 1039 2835 1092 et
2864 1030 3189 1111 Dicotyle-

586 1133 842 1214 domis,
897 1132 1047 1198 dum
1079 1135 1143 1196 in
1178 1133 1472 1198 omnibus
1501 1132 1641 1193 aliis
1674 1131 2143 1212 Botryehiorum
2176 1134 2510 1213 speciebus
2542 1133 2951 1213 epidermidis
2982 1134 3191 1195 cellu—

589 1240 685 1300 lae
716 1238 1042 1332 elongatae
1074 1238 1516 1314 inveniuntur,
1556 1245 1627 1298 ut
1658 1233 1721 1297 in
1757 1235 2078 1318 plerisque
2110 1235 2733 1318 Monocotyledoneis.

757 1342 875 1403 Vix
920 1341 982 1401 in
1016 1340 1141 1402 ullo
1188 1340 1307 1402 alio
1340 1358 1568 1420 genere
1603 1339 1835 1401 filicum
1886 1340 2305 1403 architectura
2339 1339 2606 1401 laminae
2638 1350 2764 1401 tam
2797 1339 3006 1421 gravis
3036 1355 3183 1401 mo-
3302 1391 3317 1406 .

589 1445 784 1507 menti
817 1451 958 1522 est,
1013 1461 1203 1526 quam
1249 1445 1312 1506 in
1347 1443 1718 1524 Botrycbiis.
1787 1441 2037 1525 (Confer
2078 1443 2538 1525 descriptiones
2568 1443 2882 1524 Botrycbii
2929 1444 3183 1525 lanugi-

583 1549 741 1626 nosi,
776 1546 1092 1614 daucifolii
1124 1557 1186 1609 et
1216 1545 1595 1627 virginiani).
1665 1546 2005 1610 character
2036 1548 2493 1610 architecturae
2525 1565 2649 1607 non
2682 1547 2885 1608 solum
2910 1547 2972 1607 in
2999 1565 3188 1626 mag-

589 1649 899 1729 nitudine,
938 1649 1100 1733 quae
1131 1649 1362 1713 dicitur
1392 1652 1677 1730 relativa,
1716 1659 2187 1729 segmentorum
2217 1648 2482 1712 secundi
2508 1649 3032 1728 ordinis·nititur‚
3071 1648 3182 1711 sed

585 1757 771 1818 etiam
823 1756 886 1816 in
932 1754 1345 1834 dispositione
1391 1754 1612 1818 horum
1660 1762 2161 1834 segmentomm‚
2221 1773 2384 1835 quae
2430 1763 2539 1817 aut
2581 1754 2920 1816 anadroma
2988 1750 3078 1836 (ut
3120 1754 3184 1813 in

586 1859 913 1941 Botrychio
945 1857 1358 1942 virginiam),
1397 1868 1508 1922 aut
1539 1856 1896 1922 catadroma
1940 1853 2030 1937 (ut
2063 1857 2125 1917 in
2160 1859 2226 1918 Β.
2265 1857 2632 1936 dauciiolio,
2684 1861 2749 1919 Β.
2789 1857 3176 1937 lanuginoso,

583 1964 652 2026 Β.
692 1959 957 2043 temate)
998 1960 1442 2024 observantur.
1524 1963 1643 2024 Has
1683 1961 1856 2042 leges
1900 1959 2110 2023 adhuc
2141 1980 2262 2023 non
2297 1961 2668 2024 observatas
2699 1979 3025 2041 nunquam
3056 1959 3184 2021 fal*—

585 2055 847 2130 laciosas
869 2065 1116 2142 inveni.

760 2169 910 2230 Sine
944 2168 1068 2230 ullo
1099 2167 1294 2231 dubio
1321 2177 1573 2231 autores
1605 2167 1814 2231 adhuc
1847 2170 2033 2231 nimis
2059 2188 2347 2251 magnam
2378 2170 2502 2230 vim
2540 2170 2781 2249 patriae
2815 2168 3183 2251 Botrycbio—

589 2289 727 2333 rum
769 2271 1230 2353 attribuerunt,
1302 2275 1387 2334 ita
1418 2285 1502 2336 ‘ut
1542 2275 1825 2356 plantam
1871 2275 2193 2336 asiaticam
2239 2274 2337 2335 vel
2383 2274 2805 2335 americanam
2852 2270 3191 2353 paululum,

586 2373 978 2448 differentem
1025 2377 1109 2438 ab
1154 2395 1462 2459 europaea
1511 2378 1721 2440 statim
1771 2379 2045 2457 speciem
2096 2379 2413 2457 propriam
2462 2375 2838 2454 habuerint3
2894 2373 2960 2436 id
3015 2374 3181 2435 enim

586 2499 711 2541 non
744 2478 1103 2560 negandum
1137 2487 1257 2559 est,
1310 2481 1616 2561 plurimas
1649 2480 1892 2561 speeies
1925 2479 2263 2543 admodum
2299 2480 2543 2544 variare
2574 2492 2637 2543 et
2669 2498 2861 2561 super
2891 2496 3178 2558 magnam

587 2592 793 2645 terrae
822 2592 1066 2664 partem
1102 2577 1421 2664 dispersas
1453 2603 1624 2661 esse3
1662 2585 1769 2665 qui
1805 2584 2023 2648 harum
2054 2586 2409 2665 specierum
2441 2602 2679 2665 paucas
2710 2583 2917 2647 solum
2950 2582 3183 2644 formas

587 2682 853 2747 fortasse
897 2696 1211 2752 extremas
1256 2686 1518 2766 viderit,
1579 2687 1763 2749 facile
1809 2689 2002 2769 magis
2049 2688 2128 2749 ad
2176 2690 2421 2768 species
2463 2685 2802 2768 augendas
2828 2703 3182 2768 propensus

585 2790 738 2869 erit,
792 2808 979 2870 quam
1025 2787 1104 2852 ad
1150 2788 1631 2853 contrahendas

701 2954 705 2962 ,
755 2891 851 2954 Ad
877 2891 1392 2960 distributionem
1416 2895 1884 2975 Botrycbiorum
1919 2894 2389 2974 intelligendam
2427 2894 2552 2957 duo
2574 2903 2794 2956 centra
2821 2893 3176 2968 sufficiunt;

585 2997 853 3060 alterum
887 2998 951 3058 in
985 2998 1232 3094 Europa
1262 2998 1497 3061 boreali
1531 3000 1758 3077 situm,
1812 2996 1979 3060 unde
2008 2999 2411 3079 Botrycbium
2446 2999 2898 3078 virginianum‚
2944 3000 3013 3060 Β.
3049 3008 3182 3059 ter—

588 3111 839 3182 natum,
891 3103 958 3164 Β.
987 3085 1292 3182 simplex,
1345 3105 1412 3164 B.
1441 3102 1754 3176 Lunaria,
1813 3104 1874 3164 B.
1920 3102 2571 3182 matricariaefolium‚
2621 3103 2690 3162 B.
2741 3101 3176 3181 lanceolatum‚

585 3209 650 3266 B.
688 3205 973 3283 boreale,
1013 3209 1079 3267 B.
1117 3207 1606 3268 crassinervium
1638 3206 1952 3286 exierunt,
1991 3206 2256 3268 alterum
2291 3207 2353 3266 in
2388 3206 2531 3268 Asia
2566 3206 2937 3287 subtropica
2959 3206 3177 3322 situm,

590 3307 760 3376 unde
782 3311 847 3369 Β.
861 3308 1320 3391 lanuginosum
1354 3318 1419 3370 et
1448 3312 1517 3371 B.
1554 3308 1958 3378 daucifolium
1991 3328 2243 3389 egressa
2279 3319 2450 3392 sunt.
2990 3321 2997 3330 “

760 3414 939 3475 Nunc
971 3416 1262 3495 sequitur
1291 3424 1612 3476 tentamen
1645 3414 2127 3506 monograpbiae
2156 3413 2625 3494 Botrycbiorum
2659 3414 2960 3475 omnium.

725 3537 959 3588 Adnot.
1014 3536 1148 3588 Eam
1173 3535 1394 3601 plantae
1421 3539 1649 3602 partem,
1680 3536 1828 3601 quod
1855 3539 2200 3599 segmentum
2226 3531 2414 3584 sterile
2432 3532 2628 3583 rev‘era
2654 3535 2753 3596 est,
2785 3532 2960 3583 solum
2988 3531 3059 3580 ad
3088 3545 3184 3581 er·-

588 3638 745 3678 rores
771 3624 1023 3697 vitandos
1047 3622 1352 3690 „laminam
1379 3622 1672 3675 sterilem“
1700 3623 1755 3671 in
1783 3622 2244 3688 descriptionibus
2269 3621 2406 3674 meis
2432 3621 2729 3686 appellavi.

1493 3798 1549 3878 g.
1585 3798 1641 3860 1.
1703 3796 2257 3861 Raeticanulares.

760 3918 1037 3982 Gelluiae
1096 3917 1504 3998 epidermidis
1552 3927 1790 4000 rectae,
1858 3937 1982 3981 nou
2016 3918 2356 3979 flexuosae.
3114 4000 3121 4005 θ

756 4022 817 4107 a)
870 4023 1214 4104 Oblongae.
1306 4025 1558 4085 Lamina
1600 4024 1838 4088 sterilis
1896 4023 2155 4104 oblonga
2220 4021 2260 4082 Ι.
2313 4028 2532 4097 ovata,
2592 4019 2654 4082 in
2718 4017 2917 4080 media
2962 4016 3179 4097 planta

588 4128 812 4237 po)ta.
878 4129 1053 4190 Basis
1086 4127 1213 4188 folii
1247 4128 1457 4218 infima
1445 4147 1805 4216 gemmas
1806 4126 2132 4207 includens
2163 4124 2448 4214 undique
2478 4122 2715 4184 clausa.

761 4230 822 4300 1.
885 4231 964 4295 Β.
1010 4205 1292 4298 Issunaria,
1333 4213 1459 4295 Sw.
1512 4234 1570 4292 in
1618 4230 1946 4295 Schrad.
1994 4235 2257 4295 Journ.
2314 4232 2473 4295 Bot.
2545 4197 2755 4311 (4800)
2815 4226 2886 4287 11.
2936 4243 3000 4306 p.
3057 4224 3179 4288 440

497 4421 510 4442 f
563 4293 651 4395 et
682 4336 835 4416 Syn.
875 4336 957 4399 fil.
1001 4336 1213 4420 (4806)
1252 4357 1316 4418 p.
1354 4338 1501 4399 474.
1538 4337 1820 4401 *Meta
1856 4335 1976 4398 Fil:
2005 4336 2166 4398 hort.
2203 4336 2371 4416 Lips.
2415 4332 2627 4416 (⁴856)
2667 4352 2732 4413 p.
2760 4332 2919 4394 424.

755 4441 910 4524 Syn.
977 4439 1302 4504 Osmunda
1335 4442 1607 4503 Lunaria
1641 4442 1707 4502 1..
1745 4460 1790 4501 α
1822 4440 1931 4522 Sp.
1981 4440 2067 4520 pl.
2116 4437 2215 4502 ed.
2268 4441 2353 4504 11..
2390 4457 2452 4518 p.
2509 4438 2618 4499 454
2638 4438 2698 4498 9.
2736 4471 2822 4484 --
2853 4437 2919 4497 Β.
2957 4435 3181 4500 Moerei

585 4543 765 4605 Lowe
792 4546 856 4605 F.
893 4545 1043 4607 brit.
1076 4543 1206 4612 and
1233 4564 1327 4606 ex.
1360 4544 1490 4607 Vol.
1529 4546 1654 4607 Vll.
1691 4553 1739 4605 t.
1780 4546 1858 4605 66
1889 4545 1954 4605 Β.
1992 4575 2064 4590 -
2099 4545 2268 4630 Botr.
2309 4543 2594 4606 lunatum
2628 4541 2821 4622 Gray.
2860 4542 2997 4602 Nat.
3035 4538 3177 4602 Αιϊ.

585 4645 737 4708 Brit.
790 4645 875 4706 Pl.
926 4648 995 4712 11.
1053 4650 1153 4709 49.
1215 4681 1284 4698 --
1346 4651 1653 4731 Botrypus
1696 4648 1962 4710 Lunaria
2006 4646 2171 4709 Rich.
2226 4647 2364 4712 Cat.
2413 4646 2575 4709 Med.
2637 4644 2845 4729 (4804)
2903 4646 3047 4710 420.
3095 4676 3185 4689 -

587 4748 912 4822 Osmunda
946 4751 1159 4828 lunata
1192 4751 1412 4815 Satist).
1452 4752 1632 4817 prod.
1674 4752 1820 4818 404.
