3509 5267
1341 240 1707 315 Anplenium.
1840 251 1846 259 '
2752 240 2828 303 61

399 412 625 476 Planta
653 411 725 472 in
753 408 953 474 aridia
980 406 1086 488 ⁴0,
1142 409 1209 471 in
1239 409 1557 471 umbrosis
1588 406 1869 471 humidis
1895 407 1958 495 f
1989 409 2116 473 alta
2139 457 2155 490 ,
2205 418 2268 473 et
2308 410 2684 494 plerumque
2727 410 2831 472 6⁰¹

233 518 377 598 lata,
431 516 757 582 rarissime
799 515 955 576 9-4
972 508 1074 575 0'''
1117 512 1268 577 lata.
1366 513 1534 576 Folia
1584 512 1960 595 plerumque
2007 514 2520 579 numerosissima
2573 515 2826 579 flexilia.

234 620 419 685 Nervi
453 621 835 701 plerumque
866 622 1101 680 sensim
1132 618 1312 697 apice
1341 617 1992 695 clavato-incrassati,
2045 615 2305 681 dorsum
2336 635 2670 682 crenarum
2706 640 2831 702 pe-

235 731 459 803 tentes,
502 722 614 786 sed
648 722 996 802 marginem
1028 719 1299 783 laminae
1330 738 1452 782 non
1488 719 1894 801 attingentes.

402 828 600 891 Nervi
632 824 897 889 secund.
928 823 1143 885 lateris
1175 823 1520 903 superioris
1553 826 1614 903 3,
1653 822 1965 886 inferioris
1989 825 2053 905 2,
2090 823 2287 887 infimi
2319 824 2566 907 famati,
2606 830 2834 892 summi

240 932 595 1013 simplices;
632 931 697 992 in
731 929 929 992 forma
962 926 1186 1009 pusilla
1222 926 1437 989 lateris
1469 927 1814 1007 superioris
1844 929 1882 991 2
1915 930 2117 1003 nervi,
2155 929 2468 993 inferioris
2504 934 2527 995 ⁴
2563 951 2578 1008 ;
2629 934 2834 995 raris-

243 1038 392 1097 sime
421 1037 492 1097 in
526 1035 742 1098 formis
773 1030 1099 1094 latissimis
1144 1030 1209 1090 in
1251 1029 1447 1091 latere
1489 1031 1813 1113 superiore
1847 1033 2012 1116 5——6
2045 1034 2259 1112 nervi,
2313 1035 2377 1095 in
2425 1027 2609 1097 infer.
2667 1037 2832 1097 4-5

242 1139 686 1217 inveniuntur,
754 1135 951 1199 infimi
1003 1130 1367 1195 dichotomi.
1431 1168 1517 1182 --
1591 1135 1811 1196 Paleac
1863 1133 1996 1195 fere
2056 1141 2309 1217 sem‘per
2358 1156 2555 1199 nervo
2616 1139 2833 1219 spu‘rio

244 1241 601 1321 destitutae,
638 1239 919 1321 margine
950 1237 1313 1317 longissime
1344 1234 1662 1318 dentatae,
1714 1239 1778 1298 in
1812 1236 2174 1317 glandulam
2207 1240 2674 1322 hyacinthinam
2709 1242 2833 1306 de-

244 1346 477 1424 sinunt,
521 1344 663 1407 basi
691 1338 1008 1425 glandulis
1039 1340 1287 1421 magnis
1318 1340 1572 1421 pallidis
1605 1341 1961 1404 numerosis
1992 1343 2358 1408 instructae.
2391 1379 2471 1392 -
2503 1347 2572 1409 In
2605 1348 2834 1428 petiolo

243 1448 582 1514 fascienlus
610 1456 803 1525 teres,
838 1445 1015 1507 intus
1045 1442 1500 1525 quadrieruris.

406 1554 460 1615 E
482 1555 630 1615 Jura
654 1548 1032 1618 Franeonica
1061 1545 1188 1610 vidi
1218 1548 1559 1630 specimina
1594 1548 1868 1629 pulcerr.
1900 1550 2241 1631 segmentis
2271 1560 2490 1614 exacte
2516 1551 2836 1615 rhombeis

245 1653 554 1737 profunde
601 1652 1186 1733 inciso-crenatiS,
1252 1652 1449 1735 paleis
1472 1649 1802 1714 distincte
1851 1654 2507 1717 nervosis‘instructa.
2616 1656 2834 1719 Paleas

245 1776 544 1821 nervosas
573 1767 898 1839 praeterea
929 1756 994 1819 in
1025 1756 1287 1838 specim.
1325 1756 1651 1819 helveticis
1681 1758 1888 1836 nanis,
1940 1757 2389 1839 guestphalicis
2417 1766 2481 1819 et
2513 1759 2834 1821 rarissime

246 1863 303 1924 in
327 1861 635 1925 silesiacis
658 1862 892 1924 inveni.
958 1863 1173 1922 Forma
1199 1878 1360 1922 nana
1393 1857 1710 1923 interdum
1743 1861 1890 1941 pilis
1919 1860 2124 1942 longis
2155 1859 2346 1923 fuscis
2378 1860 2834 1944 glanduligeris

244 1973 303 2027 et
329 1965 531 2048 paleis
562 1964 1025 2048 angustissimis
1056 1963 1452 2025 filiformibus
1484 1965 1546 2026 in
1582 1965 1751 2027 rachi
1784 1962 2160 2027 sedentibus
2191 1963 2440 2047 gaudet.

412 2071 480 2134 3.
540 2070 617 2132 A.
669 2068 989 2148 Bourgaei
1026 2066 1223 2130 Boias.
1277 2084 1457 2129 mse.
1500 2101 1586 2114 -
1641 2067 1828 2130 Mildc
1871 2069 1938 2131 in
1980 2070 2112 2132 Bot.
2152 2071 2280 2151 Ztg.
2337 2067 2550 2152 (4866)
2601 2071 2713 2133 Νο.
2754 2071 2833 2133 49

246 2191 391 2255 pag.
429 2174 577 2235 384¹.

415 2276 707 2339 Rhizoma
731 2273 1183 2357 praecedent&
1234 2270 1389 2354 folia
1423 2269 1852 2354 2-4''10nga
1900 2270 2172 2337 6--40'''
2216 2274 2343 2337 lata
2391 2273 2731 2339 lanceolata
2771 2288 2837 2340 et

247 2379 557 2490 oblonga
541 2378 825 2442 breviter
854 2378 1211 2440 acuminata
1244 2376 1679 2440 obtusiuscula
1711 2376 1975 2442 breviter
1995 2377 2328 2461 petiolata3
2364 2377 2597 2441 lamina
2629 2400 2838 2443 mem-

248 2459 557 2545 branacea
583 2481 905 2546 admodum
929 2480 1113 2544 basin
1144 2499 1368 2543 versus
1390 2480 1737 2544 decrescens
1757 2481 2293 2563 subpinnatisecta.
2345 2480 2617 2545 Petiolus
2650 2481 2835 2547 dorso

248 2586 523 2650 aheneus
564 2586 810 2648 inferne
839 2585 1059 2646 leviter
1086 2584 1372 2648 sulcatus
1419 2585 1619 2664 paleis
1661 2586 2125 2667 nigricantibus
2158 2586 2522 2650 lanceolatis
2554 2590 2838 2669 margine

249 2686 521 2753 dentatis
551 2690 696 2753 laxe
728 2688 1019 2751 vestitus.

412 2794 637 2856 Rachis
667 2790 938 2854 laminae
969 2791 1034 2852 in
1061 2790 1271 2873 infima
1304 2799 1482 2874 parte
1524 2791 1753 2855 subtus
1784 2792 2004 2856 cbenca
2033 2800 2098 2855 et
2127 2794 2328 2876 paleis
2359 2793 2837 2876 angustioribus

248 2896 438 2961 fuscis
471 2895 842 2978 patentibus
860 2894 1029 2976 “plus
1072 2895 1279 2957 minus
1322 2913 1547 2976 usque
1571 2895 1652 2959 ad
1693 2898 1936 2977 apicem
1965 2898 2193 2961 vestita
2237 2916 2512 2979 superne
2551 2907 2616 2961 et
2645 2917 2840 2980 supra

249 3001 497 3064 omnino
536 2999 756 3063 viridis
793 2997 985 3080 plana
1024 3016 1146 3061 non
1186 2997 1441 3061 sulcata.
1551 2999 1872 3082 Seqmenta
1928 3000 2127 3063 media
2159 3003 2583 3081 patenam-'ima
2631 3022 2663 3065 c
2706 3001 2844 3065 basi

248 3102 365 3167 late
395 3104 630 3167 adnata
655 3103 971 3184 supervere
1001 3102 1211 3165 leviter
1240 3101 1597 3166 auriculata
1641 3104 1936 3167 inferiore
1980 3103 2247 3167 exciso·
2264 3116 2528 3168 cuneata
2576 3107 2836 3188 paulum

249 3207 310 3269 in
341 3208 517 3271 rachi
549 3206 952 3270 decurrentia
982 3205 1232 3289 oblanqa
1276 3206 1522 3284 obttcsa5
1573 3218 1898 3288 segmenta
1942 3209 2157 3272 infima
2199 3210 2574 3273 brevissima
2609 3220 2840 3275 ovato-

251 3310 604 3388 rotundata,
640 3312 844 3374 omnia
872 3311 1156 3392 margine
1186 3309 1454 3393 undique
1485 3309 1733 3373 dentata
1753 3313 1797 3373 l.
1824 3313 2239 3394 pinnatiloba,
2277 3312 2439 3377 lobis
2470 3332 2612 3377 sese
2642 3316 2842 3375 attin-

249 3415 536 3497 gentibus
567 3412 952 3495 hidentatis;
991 3414 1193 3479 dentes
1220 3414 1386 3478 oveti
1414 3416 1581 3477 acuti
1611 3416 1766 3476 recti
1799 3415 2117 3480 interdum
2150 3418 2426 3500 angulati
2443 3438 2467 3496 ;
2513 3426 2838 3496 segmenta

249 3518 472 3582 subtus
504 3516 589 3582 ad
618 3526 856 3584 costam
889 3519 1235 3582 flexuosam
1269 3519 1473 3600 paleis
1505 3517 1902 3583 filiformibus
1931 3520 2075 3582 laxe
2113 3528 2178 3582 et
2206 3521 2306 3583 hie
2336 3520 2467 3581 illie
2498 3519 2641 3598 pilis
2674 3521 2841 3581 arti-

250 3623 470 3686 culatis
498 3622 567 3684 in
600 3621 966 3704 glandulam
997 3622 1239 3686 fuscam
1272 3622 1654 3685 exeuntibus
1684 3641 1872 3703 parce
1903 3624 2157 3687 vestita.

412 3727 604 3790 Nervi
653 3727 1013 3791 secundarii
1060 3725 1358 3807 utrinque
1410 3727 1576 3788 5-6
1623 3727 2053 3808 prominentes
2108 3726 2231 3789 sub
2284 3726 2512 3808 angulo
2565 3732 2753 3789 acuto
2804 3746 2839 3789 e

250 3839 415 3893 costa
446 3827 848 3911 egredientes
879 3831 1106 3894 furcati
1147 3828 1422 3913 (infimus
1453 3829 1671 3893 lateris
1700 3832 2047 3913 superioris
2078 3827 2525 3915 dichotomus),
2578 3829 2837 3895 dorsum

250 3931 532 4012 dentium
565 3942 857 4016 patentes
886 3953 1100 3996 eorum
1132 3935 1349 4016 apices
1376 3953 1503 4020 non
1534 3935 1917 4017 attingentes
1948 3954 2075 4000 non
2105 3936 2361 3999 clavati.

416 4037 555 4102 Scri
602 4047 813 4102 costae
857 4038 1275 4120 approximati
1321 4039 1596 4126 denique
1639 4039 2031 4103 confluentes
2069 4047 2135 4101 et
2180 4047 2372 4102 totam
2405 4040 2697 4122 paginam
2732 4039 2843 4100 in-

249 4141 539 4205 feriorem
567 4142 857 4224 exeeptis
883 4142 1278 4223 marginibus
1309 4151 1690 4224 occupantes
1720 4143 1881 4206 fusci
1912 4143 2184 4225 oblongi.

416 4244 745 4309 indusium
791 4245 1342 4310 membranaceum
1385 4248 1667 4329 margine
1707 4247 1894 4330 longe
1937 4245 2269 4311 dentatum
2312 4254 2381 4309 et
2426 4245 2835 4310 fimbriatum.

250 4351 485 4431 Sporae
516 4349 730 4413 fuscae
762 4347 959 4413 dense
991 4351 1426 4415 muriculatae.
1514 4421 1521 4428 ⁸

413 4452 583 4519 nab.
643 4455 710 4516 In
737 4451 946 4517 fissur.
979 4473 1121 4537 rup.
1153 4462 1348 4518 mont.
1379 4454 1606 4517 Amani
1636 4472 1831 4536 supra
1856 4454 2093 4516 Beilan.
2122 4452 2235 4515 alt.
2268 4448 2479 4515 3000'.
2532 4449 2635 4513 20.
2653 4448 2836 4512 Febr.

251 4556 438 4619 4865.
472 4556 923 4642 (Haussknecht
960 4560 1025 4621 in
1055 4561 1131 4622 It.
1170 4560 1311 4641 Syr
1344 4591 1425 4604 -
1457 4558 1811 4622 Armeniac.
1819 4557 1836 4641 )
1882 4591 1960 4603 —
1992 4557 2058 4619 ln
2093 4556 2339 4619 fissuris
2371 4556 2621 4636 rupium
2655 4573 2845 4616 mon-

245 4662 330 4723 tis
357 4660 776 4746 Tscharyklar
801 4680 1002 4744 prope
1031 4662 1272 4727 Adalia.
1326 4665 1435 4727 20.
1457 4662 1676 4744 Aprili
1747 4660 1840 4745 (E.
1868 4663 2216 4743 Bouryeau
2246 4659 2335 4721 Pl.
2367 4659 2592 4742 Lyciae
2620 4658 2837 4742 ⁴860).

418 4765 677 4847 Species
706 4766 1126 4849 pulcherrima
1152 4764 1167 4827 l
1250 4766 1507 4829 Paulum
1539 4767 1747 4831 affinis
1777 4766 2080 4850 Asplenio
2112 4764 2371 4827 fontano
2402 4762 2635 4826 lamina
2665 4773 2844 4826 atro·-
