3509 5267
1425 209 1751 283 Aspidium.
2050 227 2063 240 2
2776 209 2896 271 109
3024 207 3036 216 “

287 373 498 439 dense
530 372 1252 457 dimorpho-paleacea,
1304 377 1522 458 paleae
1554 378 1787 441 alterae
1831 376 2433 459 flavo-ferrugineas·
2460 388 2686 443 ovatae
2719 380 2898 462 longe

285 480 697 544 acuminatae
727 477 867 544 basi
897 480 1258 562 longissime
1289 478 1620 559 dentatam
1667 482 1902 546 alterae
1931 481 2298 564 piliformes.
2378 482 2523 545 sm*
2546 483 2891 564 majusculi.

384 601 544 646 var.
591 583 1139 666 subtripinnatum
1171 584 1379 648 Milde.

470 706 731 768 Lamina
761 702 844 768 ad
875 703 978 790 34!
1010 704 1173 784 alta,
1221 702 1302 767 9''
1337 705 1486 784 lata,
1524 712 1851 787 segmenta
1896 707 1967 768 ΙΙ.
2005 706 2082 769 Ο.
2118 705 2332 768 infima
2367 703 2510 769 lim
2541 706 2754 789 longa,
2796 703 2899 769 6'''

290 807 437 870 basi
470 805 621 889 lata,
656 807 970 891 profunde
999 808 1644 891 inciso-pinnatifida,
1681 810 1945 874 laciniae
1980 812 2013 871 4
2044 810 2252 892 jugae,
2290 810 2636 892 contiguae.
2690 811 2892 891 Μυκη.

293 928 545 975 moraV.

470 1029 721 1095 meo.
776 1033 968 1098 Νεειι.
1008 1036 1303 1117 etMouy.
1358 1033 1545 1098 ⁴20⁴.
1593 1070 1679 1081 -
1730 991 1994 1099 antean.
2046 1035 2150 1099 20..
2206 1069 2286 1080 -
2340 1033 2590 1099 tremet
2629 1036 2776 1098 500.
2812 1070 2898 1084 -

293 1133 469 1197 Fries
496 1133 688 1199 Herb.
726 1155 928 1200 norm.
963 1139 1120 1202 XIII.
1158 1141 1263 1201 96.
2324 1173 2333 1182 ·

469 1257 647 1320 Ῑοοιι.
713 1258 988 1342 Spenner
1028 1260 1117 1322 Fl.
1169 1229 1344 1323 Frib.
1386 1262 1433 1323 1.
1469 1294 1552 1310 -
1595 1260 1784 1325 Milde
1828 1260 1874 1323 1.
1923 1279 1980 1324 ο.
2018 1294 2096 1307 -
2131 1259 2238 1323 Ph.
2290 1260 2380 1321 Pl.
2430 1259 2537 1324 22.
2575 1296 2658 1307 -
2715 1260 2786 1322 Ε.
2823 1262 2888 1322 B.

296 1357 526 1441 Suppl.
567 1358 734 1424 2776
766 1370 864 1426 est
891 1362 1088 1445 figura
1128 1363 1347 1428 dubia.

469 1480 636 1545 Eeb.
691 1483 759 1543 In
782 1484 932 1546 silv.
970 1484 1310 1550 umbrosis.
1350 1487 1595 1564 suecia,
1632 1485 1991 1568 Norwegia:
2026 1482 2581 1566 SoladalRyfylka,
2618 1487 2897 1548 Maerra-

293 1581 402 1645 dal
437 1584 855 1649 Christianiae
896 1595 960 1651 et
988 1587 1448 1653 Hol‘mestrand.
1483 1624 1571 1637 -
1613 1589 1869 1653 silesia:
1920 1588 2169 1670 copiose
2212 1589 2278 1650 in
2310 1595 2504 1651 mont.
2556 1606 2796 1650 morav.
2835 1596 2899 1649 et

293 1685 637 1750 Beskiden.
676 1690 989 1755 Radoscht
1030 1694 1095 1756 in
1126 1692 1501 1758 Kuhlandel.
1541 1727 1620 1739 -
1668 1693 1964 1756 Saxonia.
2003 1728 2084 1738 --
2117 1693 2321 1773 Magn.
2360 1688 2505 1755 duc.
2542 1690 2777 1756 Baden.
2815 1725 2894 1737 -

297 1790 675 1874 Creatia.-—
706 1795 1038 1877 Hungaria.
1078 1830 1159 1842 —
1206 1797 1550 1862 Transsilv.
1608 1792 1948 1858 4—6000'.
1992 1829 2069 1842 -
2102 1795 2423 1860 Caucasus
2464 1792 2674 1876 (Herb.
2724 1811 2889 1856 caes.

293 1893 463 1954 hort.
508 1893 663 1982 bot.)
717 1932 800 1945 -—
843 1896 1053 1963 Amer.
1112 1902 1290 1965 bon:
1350 1904 1588 1964 Montes
1637 1898 1786 1962 albi.
1853 1895 2089 1984 (Oakes)
2138 1908 2203 1962 et
2233 1895 2558 1964 Mansfield
2602 1899 2898 1961 Vermont

307 1996 573 2083 (Baton.)
605 2000 815 2064 Insula
839 2002 1051 2067 Sitcha
1085 2002 1368 2088 (Mercens
1396 2014 1462 2068 et
1490 2006 1667 2069 Peter
1696 2006 1763 2068 in
1795 2006 1986 2070 Herb.
2024 2023 2187 2068 caes.
2225 2003 2390 2067 hort.
2427 2002 2560 2066 bot.
2584 1999 2890 2086 Petrop.).

473 2119 544 2181 In
574 2120 847 2186 Silesiae
869 2126 1192 2190 montibus
1222 2127 1582 2205 Moravicis,
1632 2126 1740 2190 ubi
1772 2127 1928 2190 haec
1958 2127 2204 2207 species
2234 2126 2302 2186 in
2333 2123 2552 2205 fagetis
2585 2122 2899 2203 copiosis-

295 2221 483 2303 sima,
521 2232 588 2288 et
616 2225 682 2286 in
717 2228 1034 2313 montibus
1065 2226 1376 2294 Beskiden
1409 2228 1643 2294 formas
1675 2237 1739 2293 et
1769 2229 2114 2310 specimina
2148 2244 2483 2305 numerosa
2515 2225 2891 2303 examinavi,

293 2335 372 2392 ut
399 2328 626 2398 merito
655 2328 1036 2394 contendere
1067 2314 1325 2413 possim,
1366 2332 1597 2396 formas
1614 2330 2026 2395 intermedias
2043 2335 2210 2393 inter
2222 2327 2556 2412 Aspidium
2587 2328 2891 2407 lobatum‚

293 2429 465 2492 inter
492 2430 570 2493 A.
607 2433 965 2496 aculeatum
998 2445 1063 2498 et
1089 2435 1161 2499 A.
1200 2438 1453 2502 Braunii
1500 2437 1758 2502 minime
1802 2434 1979 2499 raras
2007 2453 2182 2516 esse,
2232 2443 2446 2498 tamen
2471 2452 2617 2498 saon
2660 2431 2901 2513 ubique

296 2532 415 2596 hae
447 2542 581 2597 tres
610 2537 981 2619 subspecies
1010 2541 1445 2604 inveniuntur.
1523 2539 2074 2622 Vulgatissimum,
2123 2539 2466 2620 praecipue
2508 2537 2571 2599 in
2616 2534 2900 2598 boreali-

295 2637 421 2700 bus
442 2686 460 2720 ‚
508 2648 610 2705 est
636 2640 711 2704 A.
750 2641 1061 2725 lobatum,
1114 2645 1178 2707 in
1211 2642 1764 2710 meridionalibus:
1815 2643 1888 2707 A.
1939 2643 2326 2725 aculeatum,
2379 2640 2773 2708 rarissimum
2821 2640 2891 2701 A.

295 2742 576 2805 Braunii.
1282 2826 1315 2841 ο

471 2866 537 2929 In
574 2866 798 2931 insulis
829 2867 1024 2931 Afric.
1061 2870 1200 2936 bor.
1249 2870 1455 2934 solum
1487 2868 1558 2932 A.
1596 2868 1951 2933 aculeatum
1987 2868 2296 2950 provenit.
2365 2865 2723 2950 specimina
2756 2865 2898 2927 Sit-

292 2967 556 3032 chensia
584 2967 833 3053 Aspidii
866 2973 1118 3036 Braunii
1161 2970 1648 3056 ultrabipedalia
1678 2974 1933 3037 omnino
1965 2989 2110 3034 cum
2142 2970 2460 3034 Silesiacis
2489 2970 2892 3033 conveniunt.

288 3070 711 3136 Desideratur
738 3070 811 3137 A.
838 3076 1106 3141 Braunii
1131 3079 1198 3140 in
1228 3076 1473 3159 Anglia.

459 3176 649 3241 (lber.
683 3178 749 3241 1.
811 3178 1145 3264 Aspidium
1183 3181 1483 3264 angulare
1519 3179 1719 3243 Wiud.
1777 3177 1944 3265 (Kit.)
2001 3178 2184 3243 herb.
2235 3178 2348 3241 No.
2395 3173 2602 3241 49792
2634 3193 2900 3256 compo-

293 3281 491 3344 situm
517 3289 617 3344 est
662 3281 718 3365 l)
757 3302 839 3348 ex
869 3284 944 3347 A.
982 3286 1235 3367 Braunii
1268 3285 1543 3367 Spemner
1586 3283 1643 3369 2)
1683 3303 1766 3348 ex
1792 3282 1868 3347 A.
1907 3283 2191 3346 aculeato
2223 3281 2353 3345 Sw.
2390 3281 2603 3346 Kunzc
2632 3286 2696 3344 et
2726 3277 2784 3361 3)
2819 3296 2899 3339 ex

291 3384 497 3448 forma
530 3384 906 3451 intermedia
935 3388 1104 3451 inter
1129 3386 1204 3452 A.
1241 3390 1496 3451 Braunii
1528 3396 1593 3454 et
1621 3386 1695 3451 Α.
1735 3388 2092 3452 aculeatum
2124 3385 2167 3447 f.
2207 3403 2261 3448 s.
2298 3404 2359 3447 o.
2395 3417 2482 3431 ·--

466 3486 691 3571 Aspid.
731 3490 1008 3556 lobatum
1036 3493 1194 3556 Holl.
1223 3493 1315 3555 Pl.
1353 3511 1487 3557 exs.
1518 3483 1749 3555 Mader.
1787 3500 1886 3554 est
1914 3488 1991 3553 A.
2016 3489 2375 3552 aculeatum
2406 3487 2540 3550 Sw.
2585 3483 2680 3567 (A,
2716 3481 2902 3545 orbi-

293 3591 577 3656 culatum
633 3594 801 3678 Dav.)
864 3604 927 3659 et
978 3611 1309 3680 perperam
1363 3595 1443 3658 cl.
1487 3596 1711 3658 Kunze
1761 3590 2086 3657 contendit
2135 3593 2417 3675 plantam
2469 3584 2897 3652 maderensem

187 3699 205 3720 ⁸
294 3696 576 3777 speciem
607 3695 926 3763 diversam
972 3720 1135 3765 esse.
1174 3700 1287 3763 cfr.
1325 3702 1460 3763 Bot.
1496 3701 1625 3783 Ztg.
1657 3698 1862 3762 Flora.
1908 3694 2116 3782 (⁴848)
2157 3713 2304 3779 pag.
2343 3696 2468 3758 358
2512 3694 2578 3757 in
2610 3698 2893 3760 annotat.

294 3797 358 3881 3)
397 3798 734 3883 Aspidium
779 3804 1079 3887 angulare
1106 3804 1279 3869 Frics
1308 3801 1499 3866 Βοιὼ.
1535 3820 1740 3867 norm.
1777 3804 1935 3867 XIII.
1973 3803 2078 3866 96.
2114 3802 2198 3868 ab
2228 3799 2304 3864 A.
2341 3798 2593 3865 Braunii
2633 3817 2761 3861 non
2792 3794 2903 3859 di·-

298 3920 556 3967 versum
594 3915 715 3968 est.

469 4008 656 4076 Obn-
699 4008 764 4072 2.
842 4009 1222 4077 Hei-barium·
1268 4011 1489 4076 Prealii
1540 4013 1912 4076 examinans
1961 4010 2176 4074 inveni
2231 4010 2419 4072 haee:
2479 4005 2901 4089 Polystichum

294 4111 586 4176 lobatum
639 4114 747 4177 Pr.
802 4114 957 4178 nihil
1013 4115 1184 4179 aliud
1235 4123 1336 4179 est
1387 4134 1461 4179 ac
1509 4114 1584 4180 A.
1644 4115 1899 4178 Braunii
1950 4133 1985 4177 ε
2029 4114 2191 4178 valle
2244 4104 2900 4177 Utewalder-Grund

294 4216 631 4280 Saxoniae.
680 4218 745 4282 2.
778 4219 1116 4301 Polystichi
1161 4221 1426 4286 aculeati
1472 4221 1574 4284 Pr.
1619 4219 1965 4301 specimina
1995 4216 2510 4280 numerosissima
2557 4212 2638 4277 ad
2667 4210 2741 4275 A.
2792 4210 2900 4270 Io-

293 4317 518 4382 batum
560 4329 847 4386 nostrum
880 4324 1234 4406 pertinent3
1268 4326 1528 4390 unicum
1562 4333 1776 4387 autem
1820 4342 1903 4386 ex
1932 4321 2201 4403 Schimp.
2249 4321 2324 4382 lt.
2374 4318 2605 4397 Abyss.
2654 4314 2776 4377 680
2819 4312 2901 4376 ad

292 4422 372 4486 A.
408 4426 766 4492 aculeatum
796 4436 1086 4491 nostrum
1129 4431 1427 4511 pertinet.
1491 4431 1556 4492 3.
1592 4426 2016 4510 Polystichum
2049 4424 2347 4507 angulare
2376 4424 2478 4485 Pr.
2514 4415 2598 4483 ad
2628 4417 2700 4480 A.
2738 4435 2901 4480 acu·-

290 4527 527 4591 leatum
572 4538 862 4596 nostrum
908 4534 1214 4615 pertinet,
1265 4541 1525 4615 excepto
1569 4532 1918 4614 specimine
1949 4529 2299 4612 Hungarico
2328 4521 2678 4605 Kitaibelii,
2731 4518 2902 4604 quod

290 4628 370 4693 A.
403 4634 690 4700 lobatmn
733 4631 1023 4701 nostrum
1065 4644 1190 4703 est.
1236 4634 1314 4700 A.
1364 4637 1445 4699 cl.
1490 4634 1752 4700 Kitaibel
1778 4633 1934 4716 Asp.
1970 4632 2250 4698 lobatum
2293 4637 2585 4695 nostrum
2612 4625 2903 4709 appella·-

289 4747 429 4806 tum
461 4753 563 4807 est
585 4760 764 4808 ‚nunc
794 4741 867 4805 A.
902 4741 1225 4824 angulare,
1261 4759 1436 4806 nunc
1464 4735 1539 4804 A.
1576 4740 1969 4820 aculeatum,
2008 4734 2133 4801 fide
2162 4755 2263 4819 sp.
2301 4735 2574 4802 herbarii
2606 4727 2855 4796 Prealii.
