<?xml version="1.0" encoding="UTF-8"?>
<!DOCTYPE html PUBLIC "-//W3C//DTD XHTML 1.0 Transitional//EN"
    "http://www.w3.org/TR/xhtml1/DTD/xhtml1-transitional.dtd">
<html xmlns="http://www.w3.org/1999/xhtml" xml:lang="en" lang="en">
 <head>
  <title>
</title>
<meta http-equiv="Content-Type" content="text/html;charset=utf-8" />
  <meta name='ocr-system' content='tesseract 3.04.00' />
  <meta name='ocr-capabilities' content='ocr_page ocr_carea ocr_par ocr_line ocrx_word'/>
</head>
<body>
  <div class='ocr_page' id='page_1' title='image "./filiceseuropaee00mildgoog_0062.png"; bbox 0 0 3509 5267; ppageno 0'>
   <div class='ocr_carea' id='block_1_1' title="bbox 468 223 2088 300">
    <p class='ocr_par' dir='ltr' id='par_1_1' title="bbox 468 223 2088 300">
     <span class='ocr_line' id='line_1_1' title="bbox 468 223 2088 300; baseline 0 -14"><span class='ocrx_word' id='word_1_1' title='bbox 468 223 551 286; x_wconf 85' lang='lat'><strong>52</strong></span> <span class='ocrx_word' id='word_1_2' title='bbox 1558 224 1993 300; x_wconf 77' lang='lat' dir='ltr'><strong>Aspleniaceae.</strong></span> <span class='ocrx_word' id='word_1_3' title='bbox 2064 278 2088 294; x_wconf 51' lang='lat' dir='ltr'><em>f</em></span> 
     </span>
    </p>
   </div>
   <div class='ocr_carea' id='block_1_2' title="bbox 473 369 3067 480">
    <p class='ocr_par' dir='ltr' id='par_1_2' title="bbox 473 369 3067 480">
     <span class='ocr_line' id='line_1_2' title="bbox 473 369 3067 480; baseline 0.001 -21"><span class='ocrx_word' id='word_1_4' title='bbox 473 394 977 479; x_wconf 85' lang='lat' dir='ltr'><strong>pinnatipartita,</strong></span> <span class='ocrx_word' id='word_1_5' title='bbox 1029 393 1549 477; x_wconf 85' lang='lat' dir='ltr'><strong>ovato-oblonga,</strong></span> <span class='ocrx_word' id='word_1_6' title='bbox 1595 404 1802 475; x_wconf 88' lang='lat' dir='ltr'><strong>acuta,</strong></span> <span class='ocrx_word' id='word_1_7' title='bbox 1860 394 2073 457; x_wconf 85' lang='lat' dir='ltr'><strong>infima</strong></span> <span class='ocrx_word' id='word_1_8' title='bbox 2112 396 2421 478; x_wconf 79' lang='lat' dir='ltr'><strong>proximis</strong></span> <span class='ocrx_word' id='word_1_9' title='bbox 2459 396 2759 480; x_wconf 82' lang='lat' dir='ltr'><strong>longiora,</strong></span> <span class='ocrx_word' id='word_1_10' title='bbox 2802 369 3067 462; x_wconf 72' lang='lat' dir='ltr'><strong>laciniae</strong></span> 
     </span>
    </p>
   </div>
   <div class='ocr_carea' id='block_1_3' title="bbox 338 501 1142 585">
    <p class='ocr_par' dir='ltr' id='par_1_3' title="bbox 338 501 1142 585">
     <span class='ocr_line' id='line_1_3' title="bbox 338 501 1142 585; baseline -0.007 -20"><span class='ocrx_word' id='word_1_11' title='bbox 338 576 348 585; x_wconf 30' lang='lat'><strong>⁴</strong></span> <span class='ocrx_word' id='word_1_12' title='bbox 472 501 803 581; x_wconf 86' lang='lat' dir='ltr'><strong>oblongae,</strong></span> <span class='ocrx_word' id='word_1_13' title='bbox 843 506 1142 561; x_wconf 85' lang='lat' dir='ltr'><strong>serratae.</strong></span> 
     </span>
    </p>
   </div>
   <div class='ocr_carea' id='block_1_4' title="bbox 402 599 3066 4396">
    <p class='ocr_par' dir='ltr' id='par_1_4' title="bbox 641 599 2710 685">
     <span class='ocr_line' id='line_1_4' title="bbox 641 599 2710 685; baseline 0 -17"><span class='ocrx_word' id='word_1_14' title='bbox 641 605 820 669; x_wconf 87' lang='lat' dir='ltr'><strong>Ioon.</strong></span> <span class='ocrx_word' id='word_1_15' title='bbox 869 603 1076 666; x_wconf 80' lang='lat' dir='ltr'><strong>&#39;Lowe</strong></span> <span class='ocrx_word' id='word_1_16' title='bbox 1109 601 1170 664; x_wconf 87' lang='lat' dir='ltr'><strong>F.</strong></span> <span class='ocrx_word' id='word_1_17' title='bbox 1209 600 1359 663; x_wconf 91' lang='lat' dir='ltr'><strong>brit.</strong></span> <span class='ocrx_word' id='word_1_18' title='bbox 1398 599 1524 663; x_wconf 87' lang='lat' dir='ltr'><strong>and</strong></span> <span class='ocrx_word' id='word_1_19' title='bbox 1556 619 1660 664; x_wconf 84' lang='lat' dir='ltr'><strong>ex.</strong></span> <span class='ocrx_word' id='word_1_20' title='bbox 1710 602 1780 662; x_wconf 89' lang='lat' dir='ltr'><strong>V.</strong></span> <span class='ocrx_word' id='word_1_21' title='bbox 1835 610 1881 664; x_wconf 91' lang='lat' dir='ltr'><strong>t.</strong></span> <span class='ocrx_word' id='word_1_22' title='bbox 1921 603 2025 663; x_wconf 71' lang='lat'><strong>4⁴.</strong></span> <span class='ocrx_word' id='word_1_23' title='bbox 2073 599 2217 685; x_wconf 88' lang='lat' dir='ltr'><strong>(sub</strong></span> <span class='ocrx_word' id='word_1_24' title='bbox 2248 601 2319 666; x_wconf 90' lang='lat' dir='ltr'><strong>A.</strong></span> <span class='ocrx_word' id='word_1_25' title='bbox 2358 604 2710 684; x_wconf 85' lang='lat' dir='ltr'><strong>umbroso).</strong></span> 
     </span>
    </p>

    <p class='ocr_par' dir='ltr' id='par_1_5' title="bbox 642 702 2738 783">
     <span class='ocr_line' id='line_1_5' title="bbox 642 702 2738 783; baseline -0.003 -11"><span class='ocrx_word' id='word_1_26' title='bbox 642 707 811 773; x_wconf 75' lang='lat' dir='ltr'><strong>nab.</strong></span> <span class='ocrx_word' id='word_1_27' title='bbox 888 707 958 769; x_wconf 92' lang='lat' dir='ltr'><strong>In</strong></span> <span class='ocrx_word' id='word_1_28' title='bbox 990 703 1285 783; x_wconf 84' lang='lat' dir='ltr'><strong>Madeira,</strong></span> <span class='ocrx_word' id='word_1_29' title='bbox 1324 706 1629 768; x_wconf 87' lang='lat' dir='ltr'><strong>Teneriffa</strong></span> <span class='ocrx_word' id='word_1_30' title='bbox 1661 713 1726 766; x_wconf 88' lang='lat' dir='ltr'><strong>et</strong></span> <span class='ocrx_word' id='word_1_31' title='bbox 1756 705 1822 766; x_wconf 90' lang='lat' dir='ltr'><strong>in</strong></span> <span class='ocrx_word' id='word_1_32' title='bbox 1854 702 2035 767; x_wconf 86' lang='lat' dir='ltr'><strong>Azor.</strong></span> <span class='ocrx_word' id='word_1_33' title='bbox 2731 717 2738 724; x_wconf 87' lang='grc'><strong><em>·</em></strong></span> 
     </span>
    </p>

    <p class='ocr_par' dir='ltr' id='par_1_6' title="bbox 469 798 3066 1397">
     <span class='ocr_line' id='line_1_6' title="bbox 642 798 3066 895; baseline 0.002 -22"><span class='ocrx_word' id='word_1_34' title='bbox 642 809 715 874; x_wconf 95' lang='lat' dir='ltr'><strong>A.</strong></span> <span class='ocrx_word' id='word_1_35' title='bbox 773 812 1034 874; x_wconf 86' lang='lat' dir='ltr'><strong>axillare</strong></span> <span class='ocrx_word' id='word_1_36' title='bbox 1083 808 1296 873; x_wconf 87' lang='lat' dir='ltr'><strong>differt</strong></span> <span class='ocrx_word' id='word_1_37' title='bbox 1337 829 1374 872; x_wconf 95' lang='lat' dir='ltr'><strong>a</strong></span> <span class='ocrx_word' id='word_1_38' title='bbox 1406 798 1620 871; x_wconf 80' lang='lat' dir='ltr'><strong>’forma</strong></span> <span class='ocrx_word' id='word_1_39' title='bbox 1665 808 1932 870; x_wconf 90' lang='lat' dir='ltr'><strong>normali</strong></span> <span class='ocrx_word' id='word_1_40' title='bbox 1974 809 2173 871; x_wconf 91' lang='lat' dir='ltr'><strong>solum</strong></span> <span class='ocrx_word' id='word_1_41' title='bbox 2225 811 2567 891; x_wconf 80' lang='lat' dir='ltr'><strong>segmentis</strong></span> <span class='ocrx_word' id='word_1_42' title='bbox 2621 812 2665 874; x_wconf 92' lang='lat' dir='ltr'><strong>l.</strong></span> <span class='ocrx_word' id='word_1_43' title='bbox 2705 814 2778 895; x_wconf 78' lang='lat' dir='ltr'><strong>Q.</strong></span> <span class='ocrx_word' id='word_1_44' title='bbox 2832 814 3066 878; x_wconf 82' lang='lat' dir='ltr'><strong>infimis</strong></span> 
     </span>
     <span class='ocr_line' id='line_1_7' title="bbox 472 912 3065 998; baseline 0 -19"><span class='ocrx_word' id='word_1_45' title='bbox 472 917 889 998; x_wconf 70' lang='lat' dir='ltr'><strong>longioribus,</strong></span> <span class='ocrx_word' id='word_1_46' title='bbox 956 915 1168 976; x_wconf 89' lang='lat' dir='ltr'><strong>minus</strong></span> <span class='ocrx_word' id='word_1_47' title='bbox 1222 912 1612 975; x_wconf 80' lang='lat' dir='ltr'><strong>abbreviatis</strong></span> <span class='ocrx_word' id='word_1_48' title='bbox 1667 920 1730 972; x_wconf 87' lang='lat' dir='ltr'><strong>et</strong></span> <span class='ocrx_word' id='word_1_49' title='bbox 1782 912 2094 974; x_wconf 88' lang='lat' dir='ltr'><strong>immerito</strong></span> <span class='ocrx_word' id='word_1_50' title='bbox 2146 930 2262 993; x_wconf 92' lang='lat' dir='ltr'><strong>pro</strong></span> <span class='ocrx_word' id='word_1_51' title='bbox 2305 915 2612 978; x_wconf 86' lang='lat' dir='ltr'><strong>varietate</strong></span> <span class='ocrx_word' id='word_1_52' title='bbox 2654 914 2726 978; x_wconf 92' lang='lat' dir='ltr'><strong>A.</strong></span> <span class='ocrx_word' id='word_1_53' title='bbox 2780 916 3065 980; x_wconf 86' lang='lat' dir='ltr'><strong>umbrosi</strong></span> 
     </span>
     <span class='ocr_line' id='line_1_8' title="bbox 471 1015 3065 1101; baseline -0.001 -17"><span class='ocrx_word' id='word_1_54' title='bbox 471 1022 776 1101; x_wconf 88' lang='lat' dir='ltr'><strong>habetur,</strong></span> <span class='ocrx_word' id='word_1_55' title='bbox 833 1016 1004 1101; x_wconf 88' lang='lat' dir='ltr'><strong>quod</strong></span> <span class='ocrx_word' id='word_1_56' title='bbox 1046 1018 1249 1099; x_wconf 89' lang='lat' dir='ltr'><strong>primo</strong></span> <span class='ocrx_word' id='word_1_57' title='bbox 1294 1017 1438 1080; x_wconf 87' lang='lat' dir='ltr'><strong>visu</strong></span> <span class='ocrx_word' id='word_1_58' title='bbox 1479 1017 1632 1079; x_wconf 89' lang='lat' dir='ltr'><strong>satis</strong></span> <span class='ocrx_word' id='word_1_59' title='bbox 1679 1034 1999 1097; x_wconf 77' lang='lat' dir='ltr'><strong>superque</strong></span> <span class='ocrx_word' id='word_1_60' title='bbox 2041 1015 2253 1077; x_wconf 87' lang='lat' dir='ltr'><strong>differt</strong></span> <span class='ocrx_word' id='word_1_61' title='bbox 2295 1021 2637 1099; x_wconf 78' lang='lat' dir='ltr'><strong>segmentis</strong></span> <span class='ocrx_word' id='word_1_62' title='bbox 2682 1020 2725 1082; x_wconf 90' lang='lat'><strong>1.</strong></span> <span class='ocrx_word' id='word_1_63' title='bbox 2766 1021 2839 1082; x_wconf 94' lang='lat' dir='ltr'><strong>O.</strong></span> <span class='ocrx_word' id='word_1_64' title='bbox 2878 1021 3065 1084; x_wconf 89' lang='lat' dir='ltr'><strong>basin</strong></span> 
     </span>
     <span class='ocr_line' id='line_1_9' title="bbox 473 1119 3066 1206; baseline -0.002 -16"><span class='ocrx_word' id='word_1_65' title='bbox 473 1146 650 1190; x_wconf 90' lang='lat' dir='ltr'><strong>suam</strong></span> <span class='ocrx_word' id='word_1_66' title='bbox 707 1142 931 1186; x_wconf 85' lang='lat' dir='ltr'><strong>versus</strong></span> <span class='ocrx_word' id='word_1_67' title='bbox 976 1119 1510 1184; x_wconf 79' lang='lat' dir='ltr'><strong>decrescentibus.</strong></span> <span class='ocrx_word' id='word_1_68' title='bbox 1561 1155 1646 1166; x_wconf 90' lang='lat'><strong>—-</strong></span> <span class='ocrx_word' id='word_1_69' title='bbox 1705 1121 1773 1181; x_wconf 89' lang='lat' dir='ltr'><strong>ln</strong></span> <span class='ocrx_word' id='word_1_70' title='bbox 1822 1120 2139 1202; x_wconf 86' lang='lat' dir='ltr'><strong>Himalaya</strong></span> <span class='ocrx_word' id='word_1_71' title='bbox 2188 1124 2482 1201; x_wconf 88' lang='lat' dir='ltr'><strong>provenit</strong></span> <span class='ocrx_word' id='word_1_72' title='bbox 2524 1124 2832 1203; x_wconf 86' lang='lat' dir='ltr'><strong>varietas,</strong></span> <span class='ocrx_word' id='word_1_73' title='bbox 2902 1144 3066 1206; x_wconf 85' lang='lat' dir='ltr'><strong>quae</strong></span> 
     </span>
     <span class='ocr_line' id='line_1_10' title="bbox 471 1222 3064 1309; baseline -0.001 -18"><span class='ocrx_word' id='word_1_74' title='bbox 471 1230 554 1291; x_wconf 89' lang='lat' dir='ltr'><strong>ab</strong></span> <span class='ocrx_word' id='word_1_75' title='bbox 600 1229 678 1291; x_wconf 91' lang='lat' dir='ltr'><strong>A.</strong></span> <span class='ocrx_word' id='word_1_76' title='bbox 727 1226 978 1290; x_wconf 83' lang='lat' dir='ltr'><strong>axillari</strong></span> <span class='ocrx_word' id='word_1_77' title='bbox 1037 1225 1148 1288; x_wconf 80' lang='lat' dir='ltr'><strong>vix</strong></span> <span class='ocrx_word' id='word_1_78' title='bbox 1209 1224 1438 1288; x_wconf 87' lang='lat' dir='ltr'><strong>differt.</strong></span> <span class='ocrx_word' id='word_1_79' title='bbox 1544 1225 1780 1305; x_wconf 85' lang='lat' dir='ltr'><strong>Sporae</strong></span> <span class='ocrx_word' id='word_1_80' title='bbox 1838 1222 1913 1285; x_wconf 91' lang='lat' dir='ltr'><strong>A.</strong></span> <span class='ocrx_word' id='word_1_81' title='bbox 1980 1222 2263 1287; x_wconf 85' lang='lat' dir='ltr'><strong>axillaris</strong></span> <span class='ocrx_word' id='word_1_82' title='bbox 2322 1233 2395 1286; x_wconf 90' lang='lat' dir='ltr'><strong>ut</strong></span> <span class='ocrx_word' id='word_1_83' title='bbox 2449 1226 2516 1287; x_wconf 89' lang='lat' dir='ltr'><strong>in</strong></span> <span class='ocrx_word' id='word_1_84' title='bbox 2569 1226 2766 1289; x_wconf 74' lang='lat' dir='ltr'><strong>forma</strong></span> <span class='ocrx_word' id='word_1_85' title='bbox 2820 1228 3064 1309; x_wconf 86' lang='lat' dir='ltr'><strong>vulgari</strong></span> 
     </span>
     <span class='ocr_line' id='line_1_11' title="bbox 469 1332 939 1397; baseline -0.011 0"><span class='ocrx_word' id='word_1_86' title='bbox 469 1333 672 1397; x_wconf 86' lang='lat' dir='ltr'><strong>flavae</strong></span> <span class='ocrx_word' id='word_1_87' title='bbox 704 1332 939 1394; x_wconf 69' lang='lat' dir='ltr'><strong>laeveS.</strong></span> 
     </span>
    </p>

    <p class='ocr_par' dir='ltr' id='par_1_7' title="bbox 471 1395 3065 1707">
     <span class='ocr_line' id='line_1_12' title="bbox 644 1395 3064 1515; baseline -0.001 -16"><span class='ocrx_word' id='word_1_88' title='bbox 644 1436 833 1499; x_wconf 76' lang='lat' dir='ltr'><strong>Obsv.</strong></span> <span class='ocrx_word' id='word_1_89' title='bbox 864 1435 921 1497; x_wconf 90' lang='lat'><strong>1.</strong></span> <span class='ocrx_word' id='word_1_90' title='bbox 998 1430 1328 1515; x_wconf 81' lang='lat' dir='ltr'><strong>Athyrium</strong></span> <span class='ocrx_word' id='word_1_91' title='bbox 1374 1433 1683 1493; x_wconf 89' lang='lat' dir='ltr'><strong>corsicum</strong></span> <span class='ocrx_word' id='word_1_92' title='bbox 1731 1395 1843 1493; x_wconf 70' lang='lat' dir='ltr'><strong>Fce</strong></span> <span class='ocrx_word' id='word_1_93' title='bbox 1889 1431 2048 1493; x_wconf 91' lang='lat' dir='ltr'><strong>Gen.</strong></span> <span class='ocrx_word' id='word_1_94' title='bbox 2086 1430 2174 1493; x_wconf 86' lang='lat' dir='ltr'><strong>fil.</strong></span> <span class='ocrx_word' id='word_1_95' title='bbox 2223 1451 2287 1512; x_wconf 86' lang='lat' dir='ltr'><strong>p.</strong></span> <span class='ocrx_word' id='word_1_96' title='bbox 2330 1433 2451 1494; x_wconf 78' lang='grc'><strong>486</strong></span> <span class='ocrx_word' id='word_1_97' title='bbox 2496 1432 2538 1495; x_wconf 83' lang='lat' dir='ltr'><strong>f.</strong></span> <span class='ocrx_word' id='word_1_98' title='bbox 2578 1451 2630 1494; x_wconf 91' lang='lat' dir='ltr'><strong>s.</strong></span> <span class='ocrx_word' id='word_1_99' title='bbox 2668 1453 2724 1496; x_wconf 95' lang='lat' dir='ltr'><strong>o.</strong></span> <span class='ocrx_word' id='word_1_100' title='bbox 2774 1434 2855 1496; x_wconf 89' lang='lat' dir='ltr'><strong>ad</strong></span> <span class='ocrx_word' id='word_1_101' title='bbox 2898 1436 3064 1499; x_wconf 89' lang='lat' dir='ltr'><strong>hanc</strong></span> 
     </span>
     <span class='ocr_line' id='line_1_13' title="bbox 471 1530 3065 1621; baseline -0.002 -17"><span class='ocrx_word' id='word_1_102' title='bbox 471 1541 841 1604; x_wconf 82' lang='lat' dir='ltr'><strong>varietatem</strong></span> <span class='ocrx_word' id='word_1_103' title='bbox 894 1534 1140 1600; x_wconf 86' lang='lat' dir='ltr'><strong>accedit</strong></span> <span class='ocrx_word' id='word_1_104' title='bbox 1193 1543 1257 1598; x_wconf 91' lang='lat' dir='ltr'><strong>et</strong></span> <span class='ocrx_word' id='word_1_105' title='bbox 1310 1536 1484 1599; x_wconf 92' lang='lat' dir='ltr'><strong>nullo</strong></span> <span class='ocrx_word' id='word_1_106' title='bbox 1536 1533 1722 1599; x_wconf 92' lang='lat' dir='ltr'><strong>modo</strong></span> <span class='ocrx_word' id='word_1_107' title='bbox 1767 1534 1848 1597; x_wconf 90' lang='lat' dir='ltr'><strong>ab</strong></span> <span class='ocrx_word' id='word_1_108' title='bbox 1892 1530 1967 1597; x_wconf 91' lang='lat' dir='ltr'><strong>A.</strong></span> <span class='ocrx_word' id='word_1_109' title='bbox 2015 1536 2128 1600; x_wconf 93' lang='lat' dir='ltr'><strong>Fil.</strong></span> <span class='ocrx_word' id='word_1_110' title='bbox 2181 1535 2325 1598; x_wconf 80' lang='lat' dir='ltr'><strong>fem.</strong></span> <span class='ocrx_word' id='word_1_111' title='bbox 2380 1537 2674 1618; x_wconf 88' lang='lat' dir='ltr'><strong>specifice</strong></span> <span class='ocrx_word' id='word_1_112' title='bbox 2714 1540 3065 1621; x_wconf 67' lang='lat' dir='ltr'><strong>seiungen—</strong></span> 
     </span>
     <span class='ocr_line' id='line_1_14' title="bbox 473 1642 780 1707; baseline 0.004 -2"><span class='ocrx_word' id='word_1_113' title='bbox 473 1642 625 1707; x_wconf 87' lang='lat' dir='ltr'><strong>dum</strong></span> <span class='ocrx_word' id='word_1_114' title='bbox 659 1653 780 1706; x_wconf 91' lang='lat' dir='ltr'><strong>est.</strong></span> 
     </span>
    </p>

    <p class='ocr_par' dir='ltr' id='par_1_8' title="bbox 470 1740 3062 2020">
     <span class='ocr_line' id='line_1_15' title="bbox 638 1740 3062 1827; baseline -0.002 -15"><span class='ocrx_word' id='word_1_115' title='bbox 638 1748 820 1811; x_wconf 73' lang='lat' dir='ltr'><strong>Obsv.</strong></span> <span class='ocrx_word' id='word_1_116' title='bbox 854 1746 942 1812; x_wconf 91' lang='lat'><strong>11.</strong></span> <span class='ocrx_word' id='word_1_117' title='bbox 1006 1745 1335 1827; x_wconf 85' lang='lat' dir='ltr'><strong>Athyrium</strong></span> <span class='ocrx_word' id='word_1_118' title='bbox 1369 1746 1680 1806; x_wconf 86' lang='lat' dir='ltr'><strong>azoricum</strong></span> <span class='ocrx_word' id='word_1_119' title='bbox 1711 1743 1824 1804; x_wconf 61' lang='lat' dir='ltr'><strong>Fae</strong></span> <span class='ocrx_word' id='word_1_120' title='bbox 1854 1740 1898 1805; x_wconf 81' lang='lat' dir='ltr'><strong>f.</strong></span> <span class='ocrx_word' id='word_1_121' title='bbox 1926 1761 1982 1803; x_wconf 79' lang='lat' dir='ltr'><strong>s,</strong></span> <span class='ocrx_word' id='word_1_122' title='bbox 2012 1763 2099 1821; x_wconf 89' lang='lat' dir='ltr'><strong>o.,</strong></span> <span class='ocrx_word' id='word_1_123' title='bbox 2136 1762 2173 1806; x_wconf 87' lang='lat' dir='ltr'><strong>a</strong></span> <span class='ocrx_word' id='word_1_124' title='bbox 2205 1743 2285 1804; x_wconf 93' lang='lat' dir='ltr'><strong>cl.</strong></span> <span class='ocrx_word' id='word_1_125' title='bbox 2314 1742 2707 1808; x_wconf 77' lang='lat' dir='ltr'><strong>Hohenacker</strong></span> <span class='ocrx_word' id='word_1_126' title='bbox 2734 1745 3062 1808; x_wconf 85' lang='lat' dir='ltr'><strong>collectum</strong></span> 
     </span>
     <span class='ocr_line' id='line_1_16' title="bbox 470 1842 3056 1934; baseline -0.002 -18"><span class='ocrx_word' id='word_1_127' title='bbox 470 1855 667 1934; x_wconf 88' lang='lat' dir='ltr'><strong>magis</strong></span> <span class='ocrx_word' id='word_1_128' title='bbox 699 1849 779 1914; x_wconf 94' lang='lat' dir='ltr'><strong>ad</strong></span> <span class='ocrx_word' id='word_1_129' title='bbox 810 1850 1139 1933; x_wconf 84' lang='lat' dir='ltr'><strong>Athyrium</strong></span> <span class='ocrx_word' id='word_1_130' title='bbox 1175 1849 1506 1926; x_wconf 90' lang='lat' dir='ltr'><strong>corsicum,</strong></span> <span class='ocrx_word' id='word_1_131' title='bbox 1557 1864 1746 1928; x_wconf 85' lang='lat' dir='ltr'><strong>quam</strong></span> <span class='ocrx_word' id='word_1_132' title='bbox 1794 1842 1875 1908; x_wconf 91' lang='lat' dir='ltr'><strong>ad</strong></span> <span class='ocrx_word' id='word_1_133' title='bbox 1911 1845 1985 1907; x_wconf 90' lang='lat' dir='ltr'><strong>A.</strong></span> <span class='ocrx_word' id='word_1_134' title='bbox 2035 1847 2296 1912; x_wconf 84' lang='lat' dir='ltr'><strong>axillare</strong></span> <span class='ocrx_word' id='word_1_135' title='bbox 2340 1846 2603 1928; x_wconf 85' lang='lat' dir='ltr'><strong>accedit,</strong></span> <span class='ocrx_word' id='word_1_136' title='bbox 2654 1857 2826 1911; x_wconf 89' lang='lat' dir='ltr'><strong>certo</strong></span> <span class='ocrx_word' id='word_1_137' title='bbox 2867 1848 2949 1911; x_wconf 91' lang='lat' dir='ltr'><strong>ab</strong></span> <span class='ocrx_word' id='word_1_138' title='bbox 2979 1845 3056 1910; x_wconf 92' lang='lat' dir='ltr'><strong>A.</strong></span> 
     </span>
     <span class='ocr_line' id='line_1_17' title="bbox 470 1950 1444 2020; baseline -0.006 -1"><span class='ocrx_word' id='word_1_139' title='bbox 470 1958 583 2020; x_wconf 88' lang='lat' dir='ltr'><strong>Fil.</strong></span> <span class='ocrx_word' id='word_1_140' title='bbox 622 1955 768 2018; x_wconf 82' lang='lat' dir='ltr'><strong>fem.</strong></span> <span class='ocrx_word' id='word_1_141' title='bbox 804 1954 1064 2017; x_wconf 88' lang='lat' dir='ltr'><strong>minime</strong></span> <span class='ocrx_word' id='word_1_142' title='bbox 1096 1950 1444 2015; x_wconf 89' lang='lat' dir='ltr'><strong>diversum.</strong></span> 
     </span>
    </p>

    <p class='ocr_par' dir='ltr' id='par_1_9' title="bbox 469 2052 3056 2244">
     <span class='ocr_line' id='line_1_18' title="bbox 642 2052 3056 2137; baseline -0.002 -15"><span class='ocrx_word' id='word_1_143' title='bbox 642 2058 828 2122; x_wconf 76' lang='lat' dir='ltr'><strong>Obsv.</strong></span> <span class='ocrx_word' id='word_1_144' title='bbox 863 2056 981 2119; x_wconf 89' lang='lat'><strong>111.</strong></span> <span class='ocrx_word' id='word_1_145' title='bbox 1062 2055 1488 2137; x_wconf 79' lang='lat' dir='ltr'><strong>Athyrium</strong></span> <span class='ocrx_word' id='word_1_146' title='bbox 1533 2054 1888 2116; x_wconf 90' lang='lat' dir='ltr'><strong>incisum</strong></span> <span class='ocrx_word' id='word_1_147' title='bbox 1923 2055 2033 2116; x_wconf 74' lang='lat' dir='ltr'><strong>Fe‘e</strong></span> <span class='ocrx_word' id='word_1_148' title='bbox 2080 2062 2179 2116; x_wconf 90' lang='lat' dir='ltr'><strong>est</strong></span> <span class='ocrx_word' id='word_1_149' title='bbox 2223 2054 2421 2117; x_wconf 82' lang='lat' dir='ltr'><strong>forma</strong></span> <span class='ocrx_word' id='word_1_150' title='bbox 2454 2052 2698 2137; x_wconf 86' lang='lat' dir='ltr'><strong>Athyru</strong></span> <span class='ocrx_word' id='word_1_151' title='bbox 2728 2055 2839 2118; x_wconf 85' lang='lat' dir='ltr'><strong>F11</strong></span> <span class='ocrx_word' id='word_1_152' title='bbox 2876 2054 3056 2136; x_wconf 62' lang='lat' dir='ltr'><strong>fem„</strong></span> 
     </span>
     <span class='ocr_line' id='line_1_19' title="bbox 469 2159 1712 2244; baseline -0.005 -20"><span class='ocrx_word' id='word_1_153' title='bbox 469 2180 634 2244; x_wconf 90' lang='lat' dir='ltr'><strong>quae</strong></span> <span class='ocrx_word' id='word_1_154' title='bbox 664 2162 921 2226; x_wconf 86' lang='lat' dir='ltr'><strong>minime</strong></span> <span class='ocrx_word' id='word_1_155' title='bbox 954 2177 1092 2223; x_wconf 88' lang='lat' dir='ltr'><strong>rara</strong></span> <span class='ocrx_word' id='word_1_156' title='bbox 1127 2162 1192 2221; x_wconf 91' lang='lat' dir='ltr'><strong>in</strong></span> <span class='ocrx_word' id='word_1_157' title='bbox 1227 2159 1559 2232; x_wconf 81' lang='lat' dir='ltr'><strong>Germania</strong></span> <span class='ocrx_word' id='word_1_158' title='bbox 1593 2165 1712 2219; x_wconf 85' lang='lat' dir='ltr'><strong>est.</strong></span> 
     </span>
    </p>

    <p class='ocr_par' dir='ltr' id='par_1_10' title="bbox 402 2261 3063 3380">
     <span class='ocr_line' id='line_1_20' title="bbox 639 2261 3061 2343; baseline -0.001 -16"><span class='ocrx_word' id='word_1_159' title='bbox 639 2265 819 2332; x_wconf 64' lang='grc' dir='ltr'><strong>θῦεν.</strong></span> <span class='ocrx_word' id='word_1_160' title='bbox 866 2264 974 2330; x_wconf 84' lang='lat' dir='ltr'><strong>IV.</strong></span> <span class='ocrx_word' id='word_1_161' title='bbox 1080 2263 1293 2325; x_wconf 82' lang='lat' dir='ltr'><strong>Planta</strong></span> <span class='ocrx_word' id='word_1_162' title='bbox 1346 2261 1738 2325; x_wconf 84' lang='lat' dir='ltr'><strong>Americana</strong></span> <span class='ocrx_word' id='word_1_163' title='bbox 1772 2262 1994 2324; x_wconf 86' lang='lat' dir='ltr'><strong>habitu</strong></span> <span class='ocrx_word' id='word_1_164' title='bbox 2041 2263 2406 2343; x_wconf 81' lang='lat' dir='ltr'><strong>Europaeae</strong></span> <span class='ocrx_word' id='word_1_165' title='bbox 2460 2263 2774 2325; x_wconf 89' lang='lat' dir='ltr'><strong>simillima</strong></span> <span class='ocrx_word' id='word_1_166' title='bbox 2828 2263 3061 2325; x_wconf 80' lang='lat' dir='ltr'><strong>formas</strong></span> 
     </span>
     <span class='ocr_line' id='line_1_21' title="bbox 469 2363 3062 2451; baseline -0.002 -18"><span class='ocrx_word' id='word_1_167' title='bbox 469 2371 826 2451; x_wconf 84' lang='lat' dir='ltr'><strong>complures</strong></span> <span class='ocrx_word' id='word_1_168' title='bbox 856 2376 1163 2449; x_wconf 85' lang='lat' dir='ltr'><strong>procreat,</strong></span> <span class='ocrx_word' id='word_1_169' title='bbox 1217 2384 1383 2449; x_wconf 88' lang='lat' dir='ltr'><strong>quae</strong></span> <span class='ocrx_word' id='word_1_170' title='bbox 1425 2366 1490 2426; x_wconf 87' lang='lat' dir='ltr'><strong>in</strong></span> <span class='ocrx_word' id='word_1_171' title='bbox 1521 2366 1772 2446; x_wconf 85' lang='lat' dir='ltr'><strong>Europa</strong></span> <span class='ocrx_word' id='word_1_172' title='bbox 1816 2363 2040 2429; x_wconf 87' lang='lat' dir='ltr'><strong>deesse</strong></span> <span class='ocrx_word' id='word_1_173' title='bbox 2074 2365 2397 2430; x_wconf 88' lang='lat' dir='ltr'><strong>videntur.</strong></span> <span class='ocrx_word' id='word_1_174' title='bbox 2476 2363 2531 2449; x_wconf 91' lang='lat' dir='ltr'><strong>a)</strong></span> <span class='ocrx_word' id='word_1_175' title='bbox 2582 2367 2813 2446; x_wconf 88' lang='lat' dir='ltr'><strong>Sporas</strong></span> <span class='ocrx_word' id='word_1_176' title='bbox 2859 2365 3062 2428; x_wconf 87' lang='lat' dir='ltr'><strong>flavas</strong></span> 
     </span>
     <span class='ocr_line' id='line_1_22' title="bbox 402 2467 3061 2553; baseline -0.002 -17"><span class='ocrx_word' id='word_1_177' title='bbox 402 2511 411 2514; x_wconf 59' lang='lat'>&gt;</span> <span class='ocrx_word' id='word_1_178' title='bbox 466 2475 700 2553; x_wconf 81' lang='lat' dir='ltr'><strong>laeveS‚</strong></span> <span class='ocrx_word' id='word_1_179' title='bbox 753 2474 819 2534; x_wconf 91' lang='lat' dir='ltr'><strong>in</strong></span> <span class='ocrx_word' id='word_1_180' title='bbox 862 2472 1002 2534; x_wconf 88' lang='lat' dir='ltr'><strong>aliis</strong></span> <span class='ocrx_word' id='word_1_181' title='bbox 1043 2470 1274 2533; x_wconf 80' lang='lat' dir='ltr'><strong>formas</strong></span> <span class='ocrx_word' id='word_1_182' title='bbox 1321 2467 1659 2549; x_wconf 88' lang='lat' dir='ltr'><strong>subnigras</strong></span> <span class='ocrx_word' id='word_1_183' title='bbox 1700 2487 2073 2534; x_wconf 87' lang='lat' dir='ltr'><strong>verrucosas</strong></span> <span class='ocrx_word' id='word_1_184' title='bbox 2130 2471 2369 2533; x_wconf 87' lang='lat' dir='ltr'><strong>inveni.</strong></span> <span class='ocrx_word' id='word_1_185' title='bbox 2478 2468 2542 2553; x_wconf 90' lang='lat' dir='ltr'><strong>b)</strong></span> <span class='ocrx_word' id='word_1_186' title='bbox 2589 2468 2845 2531; x_wconf 86' lang='lat' dir='ltr'><strong>Indusia</strong></span> <span class='ocrx_word' id='word_1_187' title='bbox 2890 2487 3061 2530; x_wconf 91' lang='lat' dir='ltr'><strong>nunc</strong></span> 
     </span>
     <span class='ocr_line' id='line_1_23' title="bbox 469 2569 3063 2656; baseline -0.002 -17"><span class='ocrx_word' id='word_1_188' title='bbox 469 2575 809 2655; x_wconf 88' lang='lat' dir='ltr'><strong>fimbriata,</strong></span> <span class='ocrx_word' id='word_1_189' title='bbox 862 2593 1034 2636; x_wconf 89' lang='lat' dir='ltr'><strong>nunc</strong></span> <span class='ocrx_word' id='word_1_190' title='bbox 1076 2574 1235 2636; x_wconf 87' lang='lat' dir='ltr'><strong>ciliis</strong></span> <span class='ocrx_word' id='word_1_191' title='bbox 1276 2573 1343 2634; x_wconf 91' lang='lat' dir='ltr'><strong>in</strong></span> <span class='ocrx_word' id='word_1_192' title='bbox 1385 2569 1716 2653; x_wconf 85' lang='lat' dir='ltr'><strong>glandulas</strong></span> <span class='ocrx_word' id='word_1_193' title='bbox 1761 2591 2018 2655; x_wconf 88' lang='lat' dir='ltr'><strong>magnas</strong></span> <span class='ocrx_word' id='word_1_194' title='bbox 2061 2573 2495 2656; x_wconf 83' lang='lat' dir='ltr'><strong>hyacinthinas</strong></span> <span class='ocrx_word' id='word_1_195' title='bbox 2537 2571 2919 2635; x_wconf 87' lang='lat' dir='ltr'><strong>exeuntibus</strong></span> <span class='ocrx_word' id='word_1_196' title='bbox 2948 2572 3063 2634; x_wconf 91' lang='lat' dir='ltr'><strong>in-</strong></span> 
     </span>
     <span class='ocr_line' id='line_1_24' title="bbox 466 2674 3055 2757; baseline -0.002 -15"><span class='ocrx_word' id='word_1_197' title='bbox 466 2687 736 2744; x_wconf 87' lang='lat' dir='ltr'><strong>structa.</strong></span> <span class='ocrx_word' id='word_1_198' title='bbox 846 2674 1194 2740; x_wconf 85' lang='lat' dir='ltr'><strong>Glandulao</strong></span> <span class='ocrx_word' id='word_1_199' title='bbox 1246 2675 1569 2757; x_wconf 87' lang='lat' dir='ltr'><strong>stipitatas</strong></span> <span class='ocrx_word' id='word_1_200' title='bbox 1622 2677 1812 2738; x_wconf 88' lang='lat' dir='ltr'><strong>etiam</strong></span> <span class='ocrx_word' id='word_1_201' title='bbox 1867 2678 2029 2741; x_wconf 90' lang='lat' dir='ltr'><strong>soris</strong></span> <span class='ocrx_word' id='word_1_202' title='bbox 2079 2678 2401 2740; x_wconf 84' lang='lat' dir='ltr'><strong>immixtas</strong></span> <span class='ocrx_word' id='word_1_203' title='bbox 2453 2674 2772 2740; x_wconf 88' lang='lat' dir='ltr'><strong>interdum</strong></span> <span class='ocrx_word' id='word_1_204' title='bbox 2815 2678 3055 2741; x_wconf 87' lang='lat' dir='ltr'><strong>inveni.</strong></span> 
     </span>
     <span class='ocr_line' id='line_1_25' title="bbox 468 2765 3056 2865; baseline -0.002 -19"><span class='ocrx_word' id='word_1_205' title='bbox 468 2781 521 2865; x_wconf 89' lang='lat' dir='ltr'><strong>c)</strong></span> <span class='ocrx_word' id='word_1_206' title='bbox 574 2783 828 2846; x_wconf 85' lang='lat' dir='ltr'><strong>Lamina</strong></span> <span class='ocrx_word' id='word_1_207' title='bbox 873 2779 1104 2843; x_wconf 89' lang='lat' dir='ltr'><strong>subtus</strong></span> <span class='ocrx_word' id='word_1_208' title='bbox 1146 2786 1257 2844; x_wconf 89' lang='lat' dir='ltr'><strong>aut</strong></span> <span class='ocrx_word' id='word_1_209' title='bbox 1298 2778 1511 2861; x_wconf 88' lang='lat' dir='ltr'><strong>glabra</strong></span> <span class='ocrx_word' id='word_1_210' title='bbox 1544 2788 1676 2859; x_wconf 88' lang='lat' dir='ltr'><strong>est,</strong></span> <span class='ocrx_word' id='word_1_211' title='bbox 1736 2789 1848 2844; x_wconf 91' lang='lat' dir='ltr'><strong>aut</strong></span> <span class='ocrx_word' id='word_1_212' title='bbox 1887 2765 2038 2862; x_wconf 82' lang='lat' dir='ltr'><strong>pilis¹</strong></span> <span class='ocrx_word' id='word_1_213' title='bbox 2079 2780 2283 2862; x_wconf 87' lang='lat' dir='ltr'><strong>longis</strong></span> <span class='ocrx_word' id='word_1_214' title='bbox 2327 2778 2723 2862; x_wconf 87' lang='lat' dir='ltr'><strong>cylindricis,</strong></span> <span class='ocrx_word' id='word_1_215' title='bbox 2781 2779 3056 2859; x_wconf 88' lang='lat' dir='ltr'><strong>obtusis,</strong></span> 
     </span>
     <span class='ocr_line' id='line_1_26' title="bbox 471 2882 3063 2967; baseline -0.002 -18"><span class='ocrx_word' id='word_1_216' title='bbox 471 2886 637 2949; x_wconf 71' lang='lat'><strong>4-2</strong></span> <span class='ocrx_word' id='word_1_217' title='bbox 669 2883 1079 2954; x_wconf 87' lang='lat' dir='ltr'><strong>cellularibus</strong></span> <span class='ocrx_word' id='word_1_218' title='bbox 1109 2883 1314 2947; x_wconf 88' lang='lat' dir='ltr'><strong>obsita</strong></span> <span class='ocrx_word' id='word_1_219' title='bbox 1347 2891 1466 2947; x_wconf 87' lang='lat' dir='ltr'><strong>est.</strong></span> <span class='ocrx_word' id='word_1_220' title='bbox 1548 2885 1677 2946; x_wconf 89' lang='lat' dir='ltr'><strong>Huc</strong></span> <span class='ocrx_word' id='word_1_221' title='bbox 1705 2884 2065 2967; x_wconf 88' lang='lat' dir='ltr'><strong>pertinent:</strong></span> <span class='ocrx_word' id='word_1_222' title='bbox 2117 2882 2452 2966; x_wconf 84' lang='lat' dir='ltr'><strong>Athyrium</strong></span> <span class='ocrx_word' id='word_1_223' title='bbox 2498 2883 2919 2965; x_wconf 85' lang='lat' dir='ltr'><strong>asplenioides</strong></span> <span class='ocrx_word' id='word_1_224' title='bbox 2950 2884 3063 2946; x_wconf 56' lang='lat' dir='ltr'><strong>Fae</strong></span> 
     </span>
     <span class='ocr_line' id='line_1_27' title="bbox 467 2984 3062 3073; baseline -0.002 -21"><span class='ocrx_word' id='word_1_225' title='bbox 467 3000 532 3053; x_wconf 91' lang='lat' dir='ltr'><strong>et</strong></span> <span class='ocrx_word' id='word_1_226' title='bbox 562 2988 753 3052; x_wconf 76' lang='lat' dir='ltr'><strong>Presl.</strong></span> <span class='ocrx_word' id='word_1_227' title='bbox 814 2990 919 3073; x_wconf 92' lang='lat'><strong>(·-</strong></span> <span class='ocrx_word' id='word_1_228' title='bbox 948 2984 1281 3069; x_wconf 88' lang='lat' dir='ltr'><strong>Aspidium</strong></span> <span class='ocrx_word' id='word_1_229' title='bbox 1313 2988 1441 3052; x_wconf 83' lang='lat' dir='ltr'><strong>Sw.</strong></span> <span class='ocrx_word' id='word_1_230' title='bbox 1476 3022 1564 3033; x_wconf 90' lang='lat'><strong>-—</strong></span> <span class='ocrx_word' id='word_1_231' title='bbox 1608 2986 2000 3070; x_wconf 88' lang='lat' dir='ltr'><strong>Asplenium</strong></span> <span class='ocrx_word' id='word_1_232' title='bbox 2013 2984 2344 3069; x_wconf 78' lang='lat' dir='ltr'><strong>Athyrium</strong></span> <span class='ocrx_word' id='word_1_233' title='bbox 2377 2986 2694 3071; x_wconf 74' lang='lat' dir='ltr'><strong>Sprenyel)</strong></span> <span class='ocrx_word' id='word_1_234' title='bbox 2747 2997 2810 3049; x_wconf 91' lang='lat' dir='ltr'><strong>et</strong></span> <span class='ocrx_word' id='word_1_235' title='bbox 2851 2987 3062 3069; x_wconf 83' lang='lat' dir='ltr'><strong>Athy-</strong></span> 
     </span>
     <span class='ocr_line' id='line_1_28' title="bbox 467 3071 3058 3175; baseline -0.001 -20"><span class='ocrx_word' id='word_1_236' title='bbox 467 3095 628 3156; x_wconf 88' lang='lat' dir='ltr'><strong>rium</strong></span> <span class='ocrx_word' id='word_1_237' title='bbox 664 3071 993 3156; x_wconf 77' lang='lat' dir='ltr'><strong>Michauxii</strong></span> <span class='ocrx_word' id='word_1_238' title='bbox 1036 3094 1144 3155; x_wconf 58' lang='lat' dir='ltr'><strong>Fae</strong></span> <span class='ocrx_word' id='word_1_239' title='bbox 1198 3089 1585 3175; x_wconf 90' lang='lat' dir='ltr'><strong>(Asplenium</strong></span> <span class='ocrx_word' id='word_1_240' title='bbox 1628 3091 1774 3173; x_wconf 85' lang='lat' dir='ltr'><strong>Spr.</strong></span> <span class='ocrx_word' id='word_1_241' title='bbox 1822 3126 1907 3138; x_wconf 93' lang='lat'><strong>--</strong></span> <span class='ocrx_word' id='word_1_242' title='bbox 1958 3087 2289 3172; x_wconf 86' lang='lat' dir='ltr'><strong>Aspidium</strong></span> <span class='ocrx_word' id='word_1_243' title='bbox 2333 3103 2670 3175; x_wconf 88' lang='lat' dir='ltr'><strong>angustum</strong></span> <span class='ocrx_word' id='word_1_244' title='bbox 2722 3090 2925 3155; x_wconf 79' lang='lat' dir='ltr'><strong>Willd.</strong></span> <span class='ocrx_word' id='word_1_245' title='bbox 2979 3122 3058 3135; x_wconf 89' lang='lat'>-</span> 
     </span>
     <span class='ocr_line' id='line_1_29' title="bbox 465 3192 3062 3279; baseline -0.002 -19"><span class='ocrx_word' id='word_1_246' title='bbox 465 3195 836 3279; x_wconf 90' lang='lat' dir='ltr'><strong>Asplenium</strong></span> <span class='ocrx_word' id='word_1_247' title='bbox 868 3197 1098 3260; x_wconf 88' lang='lat' dir='ltr'><strong>elatius</strong></span> <span class='ocrx_word' id='word_1_248' title='bbox 1141 3193 1343 3277; x_wconf 75' lang='lat' dir='ltr'><strong>Link).</strong></span> <span class='ocrx_word' id='word_1_249' title='bbox 1432 3193 1651 3256; x_wconf 89' lang='lat' dir='ltr'><strong>Planta</strong></span> <span class='ocrx_word' id='word_1_250' title='bbox 1692 3194 2062 3258; x_wconf 85' lang='lat' dir='ltr'><strong>Americana</strong></span> <span class='ocrx_word' id='word_1_251' title='bbox 2106 3192 2293 3277; x_wconf 88' lang='lat' dir='ltr'><strong>digna</strong></span> <span class='ocrx_word' id='word_1_252' title='bbox 2337 3203 2456 3275; x_wconf 86' lang='lat' dir='ltr'><strong>est,</strong></span> <span class='ocrx_word' id='word_1_253' title='bbox 2511 3215 2673 3278; x_wconf 87' lang='lat' dir='ltr'><strong>quae</strong></span> <span class='ocrx_word' id='word_1_254' title='bbox 2714 3214 2791 3258; x_wconf 86' lang='lat' dir='ltr'><strong>ex</strong></span> <span class='ocrx_word' id='word_1_255' title='bbox 2835 3194 3062 3257; x_wconf 88' lang='lat' dir='ltr'><strong>diver-</strong></span> 
     </span>
     <span class='ocr_line' id='line_1_30' title="bbox 466 3298 1969 3380; baseline -0.003 -14"><span class='ocrx_word' id='word_1_256' title='bbox 466 3302 735 3366; x_wconf 88' lang='lat' dir='ltr'><strong>sissimis</strong></span> <span class='ocrx_word' id='word_1_257' title='bbox 768 3298 1133 3380; x_wconf 86' lang='lat' dir='ltr'><strong>regionibus</strong></span> <span class='ocrx_word' id='word_1_258' title='bbox 1163 3300 1518 3361; x_wconf 80' lang='lat' dir='ltr'><strong>accuratius</strong></span> <span class='ocrx_word' id='word_1_259' title='bbox 1550 3300 1969 3372; x_wconf 81' lang='lat' dir='ltr'><strong>examinetur.</strong></span> 
     </span>
    </p>

    <p class='ocr_par' dir='ltr' id='par_1_11' title="bbox 470 3399 3063 3586">
     <span class='ocr_line' id='line_1_31' title="bbox 638 3399 3063 3487; baseline -0.001 -20"><span class='ocrx_word' id='word_1_260' title='bbox 638 3405 818 3467; x_wconf 64' lang='grc' dir='ltr'><strong>θῦεν.</strong></span> <span class='ocrx_word' id='word_1_261' title='bbox 856 3405 933 3467; x_wconf 82' lang='lat' dir='ltr'><strong>V.</strong></span> <span class='ocrx_word' id='word_1_262' title='bbox 1013 3404 1342 3487; x_wconf 83' lang='lat' dir='ltr'><strong>Athyrium</strong></span> <span class='ocrx_word' id='word_1_263' title='bbox 1376 3403 1763 3485; x_wconf 86' lang='lat' dir='ltr'><strong>cyclosorum</strong></span> <span class='ocrx_word' id='word_1_264' title='bbox 1795 3404 1985 3485; x_wconf 80' lang='lat' dir='ltr'><strong>Rupr.</strong></span> <span class='ocrx_word' id='word_1_265' title='bbox 2023 3402 2215 3465; x_wconf 89' lang='lat' dir='ltr'><strong>Beitr.</strong></span> <span class='ocrx_word' id='word_1_266' title='bbox 2253 3403 2350 3464; x_wconf 90' lang='lat'><strong>111.</strong></span> <span class='ocrx_word' id='word_1_267' title='bbox 2393 3403 2442 3477; x_wconf 81' lang='lat' dir='ltr'><strong>(l</strong></span> <span class='ocrx_word' id='word_1_268' title='bbox 2461 3399 2605 3484; x_wconf 77' lang='lat'>845)</span> <span class='ocrx_word' id='word_1_269' title='bbox 2656 3422 2721 3483; x_wconf 87' lang='lat' dir='ltr'><strong>p.</strong></span> <span class='ocrx_word' id='word_1_270' title='bbox 2761 3405 2828 3468; x_wconf 71' lang='lat'><strong>44</strong></span> <span class='ocrx_word' id='word_1_271' title='bbox 2886 3403 3063 3466; x_wconf 94' lang='lat' dir='ltr'><strong>nullo</strong></span> 
     </span>
     <span class='ocr_line' id='line_1_32' title="bbox 470 3503 2637 3586; baseline -0.003 -12"><span class='ocrx_word' id='word_1_272' title='bbox 470 3508 652 3573; x_wconf 90' lang='lat' dir='ltr'><strong>modo</strong></span> <span class='ocrx_word' id='word_1_273' title='bbox 685 3509 768 3571; x_wconf 87' lang='lat' dir='ltr'><strong>ab</strong></span> <span class='ocrx_word' id='word_1_274' title='bbox 799 3508 883 3571; x_wconf 91' lang='lat' dir='ltr'><strong>A.</strong></span> <span class='ocrx_word' id='word_1_275' title='bbox 915 3508 1022 3570; x_wconf 85' lang='lat' dir='ltr'><strong>Fil.</strong></span> <span class='ocrx_word' id='word_1_276' title='bbox 1058 3508 1204 3572; x_wconf 84' lang='lat' dir='ltr'><strong>fem.</strong></span> <span class='ocrx_word' id='word_1_277' title='bbox 1237 3506 1471 3571; x_wconf 87' lang='lat' dir='ltr'><strong>differt.</strong></span> <span class='ocrx_word' id='word_1_278' title='bbox 1552 3508 1972 3572; x_wconf 63' lang='lat' dir='ltr'><strong>Unalaschka.</strong></span> <span class='ocrx_word' id='word_1_279' title='bbox 2052 3503 2317 3586; x_wconf 80' lang='lat' dir='ltr'><strong>Kadjak.</strong></span> <span class='ocrx_word' id='word_1_280' title='bbox 2398 3506 2637 3568; x_wconf 88' lang='lat' dir='ltr'><strong>Sitcha.</strong></span> 
     </span>
    </p>

    <p class='ocr_par' dir='ltr' id='par_1_12' title="bbox 466 3609 3061 3899">
     <span class='ocr_line' id='line_1_33' title="bbox 639 3609 3052 3696; baseline -0.002 -20"><span class='ocrx_word' id='word_1_281' title='bbox 639 3612 1113 3677; x_wconf 70' lang='lat' dir='ltr'><strong>0b2v.VI.1n</strong></span> <span class='ocrx_word' id='word_1_282' title='bbox 1160 3612 1452 3677; x_wconf 90' lang='lat' dir='ltr'><strong>herbario</strong></span> <span class='ocrx_word' id='word_1_283' title='bbox 1495 3632 1625 3696; x_wconf 89' lang='lat' dir='ltr'><strong>reg.</strong></span> <span class='ocrx_word' id='word_1_284' title='bbox 1664 3612 1862 3678; x_wconf 88' lang='lat' dir='ltr'><strong>Berol.</strong></span> <span class='ocrx_word' id='word_1_285' title='bbox 1911 3612 2067 3674; x_wconf 83' lang='lat' dir='ltr'><strong>haec</strong></span> <span class='ocrx_word' id='word_1_286' title='bbox 2112 3609 2439 3691; x_wconf 88' lang='lat' dir='ltr'><strong>originalia</strong></span> <span class='ocrx_word' id='word_1_287' title='bbox 2488 3610 2568 3670; x_wconf 92' lang='lat' dir='ltr'><strong>cl.</strong></span> <span class='ocrx_word' id='word_1_288' title='bbox 2604 3610 2769 3691; x_wconf 73' lang='lat' dir='ltr'><strong>Bory</strong></span> <span class='ocrx_word' id='word_1_289' title='bbox 2811 3610 3052 3687; x_wconf 82' lang='lat' dir='ltr'><strong>insunt,</strong></span> 
     </span>
     <span class='ocr_line' id='line_1_34' title="bbox 466 3711 3061 3800; baseline -0.002 -21"><span class='ocrx_word' id='word_1_290' title='bbox 466 3736 631 3800; x_wconf 86' lang='lat' dir='ltr'><strong>quae</strong></span> <span class='ocrx_word' id='word_1_291' title='bbox 673 3715 753 3778; x_wconf 91' lang='lat' dir='ltr'><strong>ad</strong></span> <span class='ocrx_word' id='word_1_292' title='bbox 796 3715 871 3782; x_wconf 89' lang='lat' dir='ltr'><strong>A.</strong></span> <span class='ocrx_word' id='word_1_293' title='bbox 906 3717 1020 3777; x_wconf 90' lang='lat' dir='ltr'><strong>Fil.</strong></span> <span class='ocrx_word' id='word_1_294' title='bbox 1071 3716 1367 3779; x_wconf 81' lang='lat' dir='ltr'><strong>feminam</strong></span> <span class='ocrx_word' id='word_1_295' title='bbox 1409 3718 1773 3797; x_wconf 85' lang='lat' dir='ltr'><strong>pertinent:</strong></span> <span class='ocrx_word' id='word_1_296' title='bbox 1835 3714 2170 3797; x_wconf 87' lang='lat' dir='ltr'><strong>Aspidium</strong></span> <span class='ocrx_word' id='word_1_297' title='bbox 2210 3713 2624 3794; x_wconf 86' lang='lat' dir='ltr'><strong>cochleatum,</strong></span> <span class='ocrx_word' id='word_1_298' title='bbox 2672 3711 2746 3776; x_wconf 89' lang='lat' dir='ltr'><strong>A.</strong></span> <span class='ocrx_word' id='word_1_299' title='bbox 2785 3715 3061 3778; x_wconf 87' lang='lat' dir='ltr'><strong>acrosti-</strong></span> 
     </span>
     <span class='ocr_line' id='line_1_35' title="bbox 467 3816 3024 3899; baseline -0.002 -17"><span class='ocrx_word' id='word_1_300' title='bbox 467 3816 746 3899; x_wconf 88' lang='lat' dir='ltr'><strong>choides,</strong></span> <span class='ocrx_word' id='word_1_301' title='bbox 783 3818 855 3881; x_wconf 91' lang='lat' dir='ltr'><strong>A.</strong></span> <span class='ocrx_word' id='word_1_302' title='bbox 893 3819 1150 3881; x_wconf 87' lang='lat' dir='ltr'><strong>lineare.</strong></span> <span class='ocrx_word' id='word_1_303' title='bbox 1185 3844 1191 3850; x_wconf 91' lang='lat'><strong>·</strong></span> <span class='ocrx_word' id='word_1_304' title='bbox 3017 3837 3024 3843; x_wconf 94' lang='lat'><em>·</em></span> 
     </span>
    </p>

    <p class='ocr_par' dir='ltr' id='par_1_13' title="bbox 468 3917 3063 4110">
     <span class='ocr_line' id='line_1_36' title="bbox 638 3917 3063 4010; baseline -0.001 -26"><span class='ocrx_word' id='word_1_305' title='bbox 638 3922 821 3987; x_wconf 70' lang='lat' dir='ltr'><strong>obav.</strong></span> <span class='ocrx_word' id='word_1_306' title='bbox 857 3921 999 3985; x_wconf 87' lang='lat' dir='ltr'><strong>v11.</strong></span> <span class='ocrx_word' id='word_1_307' title='bbox 1077 3918 1407 4004; x_wconf 88' lang='lat' dir='ltr'><strong>Aspidium</strong></span> <span class='ocrx_word' id='word_1_308' title='bbox 1453 3924 1835 3987; x_wconf 89' lang='lat' dir='ltr'><strong>Pontederae</strong></span> <span class='ocrx_word' id='word_1_309' title='bbox 1875 3921 2055 3984; x_wconf 89' lang='lat' dir='ltr'><strong>herb.</strong></span> <span class='ocrx_word' id='word_1_310' title='bbox 2099 3919 2297 3984; x_wconf 77' lang='lat' dir='ltr'><strong>Willd.</strong></span> <span class='ocrx_word' id='word_1_311' title='bbox 2337 3922 2446 3983; x_wconf 93' lang='lat' dir='ltr'><strong>No.</strong></span> <span class='ocrx_word' id='word_1_312' title='bbox 2489 3920 2695 3985; x_wconf 74' lang='grc'><strong>49842</strong></span> <span class='ocrx_word' id='word_1_313' title='bbox 2728 3927 2827 4010; x_wconf 86' lang='lat' dir='ltr'><strong>est</strong></span> <span class='ocrx_word' id='word_1_314' title='bbox 2856 3917 3063 4003; x_wconf 79' lang='lat' dir='ltr'><strong>Athy-</strong></span> 
     </span>
     <span class='ocr_line' id='line_1_37' title="bbox 468 4023 2704 4110; baseline -0.001 -23"><span class='ocrx_word' id='word_1_315' title='bbox 468 4027 629 4089; x_wconf 92' lang='lat' dir='ltr'><strong>rium</strong></span> <span class='ocrx_word' id='word_1_316' title='bbox 663 4026 800 4089; x_wconf 82' lang='lat' dir='ltr'><strong>filix</strong></span> <span class='ocrx_word' id='word_1_317' title='bbox 829 4025 1084 4107; x_wconf 83' lang='lat' dir='ltr'><strong>femina,</strong></span> <span class='ocrx_word' id='word_1_318' title='bbox 1121 4044 1248 4089; x_wconf 91' lang='lat' dir='ltr'><strong>non</strong></span> <span class='ocrx_word' id='word_1_319' title='bbox 1281 4026 1669 4110; x_wconf 86' lang='lat' dir='ltr'><strong>Cystopteris</strong></span> <span class='ocrx_word' id='word_1_320' title='bbox 1700 4027 1961 4110; x_wconf 61' lang='lat' dir='ltr'><strong>fragilis„</strong></span> <span class='ocrx_word' id='word_1_321' title='bbox 2011 4024 2177 4088; x_wconf 74' lang='lat' dir='ltr'><strong>conf.</strong></span> <span class='ocrx_word' id='word_1_322' title='bbox 2211 4026 2412 4087; x_wconf 82' lang='lat' dir='ltr'><strong>Moore</strong></span> <span class='ocrx_word' id='word_1_323' title='bbox 2441 4023 2578 4086; x_wconf 90' lang='lat' dir='ltr'><strong>Ind.</strong></span> <span class='ocrx_word' id='word_1_324' title='bbox 2618 4024 2704 4086; x_wconf 89' lang='lat' dir='ltr'><strong>fil.</strong></span> 
     </span>
    </p>

    <p class='ocr_par' dir='ltr' id='par_1_14' title="bbox 469 4127 3061 4318">
     <span class='ocr_line' id='line_1_38' title="bbox 639 4127 3061 4212; baseline -0.001 -19"><span class='ocrx_word' id='word_1_325' title='bbox 639 4131 821 4194; x_wconf 76' lang='lat' dir='ltr'><strong>Obsv.</strong></span> <span class='ocrx_word' id='word_1_326' title='bbox 856 4130 1032 4194; x_wconf 83' lang='lat' dir='ltr'><strong>vm.</strong></span> <span class='ocrx_word' id='word_1_327' title='bbox 1107 4127 1476 4212; x_wconf 90' lang='lat' dir='ltr'><strong>Asplenium</strong></span> <span class='ocrx_word' id='word_1_328' title='bbox 1512 4133 1854 4195; x_wconf 89' lang='lat' dir='ltr'><strong>rhaeticum</strong></span> <span class='ocrx_word' id='word_1_329' title='bbox 1887 4129 2069 4192; x_wconf 87' lang='lat' dir='ltr'><strong>herb.</strong></span> <span class='ocrx_word' id='word_1_330' title='bbox 2112 4128 2316 4193; x_wconf 78' lang='lat' dir='ltr'><strong>Wiud.</strong></span> <span class='ocrx_word' id='word_1_331' title='bbox 2353 4128 2463 4192; x_wconf 92' lang='lat' dir='ltr'><strong>No.</strong></span> <span class='ocrx_word' id='word_1_332' title='bbox 2502 4130 2709 4192; x_wconf 74' lang='grc'><strong>49823</strong></span> <span class='ocrx_word' id='word_1_333' title='bbox 2758 4146 2838 4191; x_wconf 80' lang='lat' dir='ltr'><strong>ex</strong></span> <span class='ocrx_word' id='word_1_334' title='bbox 2879 4136 3061 4209; x_wconf 85' lang='lat' dir='ltr'><strong>parte</strong></span> 
     </span>
     <span class='ocr_line' id='line_1_39' title="bbox 469 4231 3059 4396; baseline -0 -101"><span class='ocrx_word' id='word_1_335' title='bbox 469 4232 549 4295; x_wconf 91' lang='lat' dir='ltr'><strong>ad</strong></span> <span class='ocrx_word' id='word_1_336' title='bbox 579 4231 652 4297; x_wconf 92' lang='lat' dir='ltr'><strong>A.</strong></span> <span class='ocrx_word' id='word_1_337' title='bbox 692 4233 919 4297; x_wconf 88' lang='lat' dir='ltr'><strong>filicem</strong></span> <span class='ocrx_word' id='word_1_338' title='bbox 953 4233 1270 4317; x_wconf 83' lang='lat' dir='ltr'><strong>feminam,</strong></span> <span class='ocrx_word' id='word_1_339' title='bbox 1323 4254 1403 4315; x_wconf 83' lang='lat' dir='ltr'><strong>ex</strong></span> <span class='ocrx_word' id='word_1_340' title='bbox 1433 4244 1615 4318; x_wconf 85' lang='lat' dir='ltr'><strong>parte</strong></span> <span class='ocrx_word' id='word_1_341' title='bbox 1647 4235 1728 4298; x_wconf 92' lang='lat' dir='ltr'><strong>ad</strong></span> <span class='ocrx_word' id='word_1_342' title='bbox 1764 4236 1939 4318; x_wconf 81' lang='lat' dir='ltr'><strong>Cyst.</strong></span> <span class='ocrx_word' id='word_1_343' title='bbox 1976 4233 2259 4317; x_wconf 76' lang='lat' dir='ltr'><strong>fragilem</strong></span> <span class='ocrx_word' id='word_1_344' title='bbox 2294 4251 2431 4296; x_wconf 88' lang='lat' dir='ltr'><strong>var.</strong></span> <span class='ocrx_word' id='word_1_345' title='bbox 2468 4240 2884 4396; x_wconf 82' lang='lat' dir='ltr'><strong>angustatam</strong></span> <span class='ocrx_word' id='word_1_346' title='bbox 2898 4251 3059 4314; x_wconf 86' lang='lat' dir='ltr'><strong>per-</strong></span> 
     </span>
    </p>
   </div>
   <div class='ocr_carea' id='block_1_5' title="bbox 346 4338 653 4401">
    <p class='ocr_par' dir='ltr' id='par_1_15' title="bbox 346 4338 653 4401">
     <span class='ocr_line' id='line_1_40' title="bbox 346 4338 653 4401; baseline 0.007 -2"><span class='ocrx_word' id='word_1_347' title='bbox 346 4356 356 4374; x_wconf 86' lang='lat'><strong><em>¹</em></strong></span> <span class='ocrx_word' id='word_1_348' title='bbox 470 4338 653 4401; x_wconf 85' lang='lat' dir='ltr'><strong>tinet.</strong></span> 
     </span>
    </p>
   </div>
   <div class='ocr_carea' id='block_1_6' title="bbox 431 4383 3062 4819">
    <p class='ocr_par' dir='ltr' id='par_1_16' title="bbox 469 4383 3061 4627">
     <span class='ocr_line' id='line_1_41' title="bbox 635 4383 3061 4524; baseline -0 -20"><span class='ocrx_word' id='word_1_349' title='bbox 635 4442 818 4506; x_wconf 73' lang='lat' dir='ltr'><strong>Obsv.</strong></span> <span class='ocrx_word' id='word_1_350' title='bbox 852 4442 967 4507; x_wconf 83' lang='lat' dir='ltr'><strong>IX.</strong></span> <span class='ocrx_word' id='word_1_351' title='bbox 1046 4383 1415 4524; x_wconf 82' lang='lat' dir='ltr'><strong>Asplenium</strong></span> <span class='ocrx_word' id='word_1_352' title='bbox 1461 4442 1722 4504; x_wconf 80' lang='lat' dir='ltr'><strong>axillare</strong></span> <span class='ocrx_word' id='word_1_353' title='bbox 1760 4441 1968 4506; x_wconf 83' lang='lat' dir='ltr'><strong>Willd.</strong></span> <span class='ocrx_word' id='word_1_354' title='bbox 2017 4441 2195 4505; x_wconf 87' lang='lat' dir='ltr'><strong>herb.</strong></span> <span class='ocrx_word' id='word_1_355' title='bbox 2244 4443 2355 4506; x_wconf 94' lang='lat' dir='ltr'><strong>No.</strong></span> <span class='ocrx_word' id='word_1_356' title='bbox 2396 4442 2602 4506; x_wconf 78' lang='grc'>49820</span> <span class='ocrx_word' id='word_1_357' title='bbox 2645 4461 2727 4505; x_wconf 85' lang='lat' dir='ltr'><strong>ex</strong></span> <span class='ocrx_word' id='word_1_358' title='bbox 2767 4418 2948 4524; x_wconf 83' lang='lat' dir='ltr'><strong>parte</strong></span> <span class='ocrx_word' id='word_1_359' title='bbox 2979 4440 3061 4506; x_wconf 87' lang='lat' dir='ltr'><strong>ad</strong></span> 
     </span>
     <span class='ocr_line' id='line_1_42' title="bbox 469 4543 2892 4627; baseline -0.002 -20"><span class='ocrx_word' id='word_1_360' title='bbox 469 4543 542 4607; x_wconf 91' lang='lat' dir='ltr'><strong>A.</strong></span> <span class='ocrx_word' id='word_1_361' title='bbox 582 4544 670 4607; x_wconf 89' lang='lat' dir='ltr'><strong>fil.</strong></span> <span class='ocrx_word' id='word_1_362' title='bbox 709 4545 1004 4610; x_wconf 84' lang='lat' dir='ltr'><strong>feminam</strong></span> <span class='ocrx_word' id='word_1_363' title='bbox 1037 4545 1221 4609; x_wconf 84' lang='lat' dir='ltr'><strong>form.</strong></span> <span class='ocrx_word' id='word_1_364' title='bbox 1258 4564 1504 4627; x_wconf 63' lang='lat' dir='ltr'><strong>europ„</strong></span> <span class='ocrx_word' id='word_1_365' title='bbox 1545 4564 1617 4606; x_wconf 83' lang='lat' dir='ltr'><strong>ex</strong></span> <span class='ocrx_word' id='word_1_366' title='bbox 1649 4555 1831 4627; x_wconf 87' lang='lat' dir='ltr'><strong>parte</strong></span> <span class='ocrx_word' id='word_1_367' title='bbox 1860 4544 1942 4610; x_wconf 90' lang='lat' dir='ltr'><strong>ad</strong></span> <span class='ocrx_word' id='word_1_368' title='bbox 1972 4565 2107 4610; x_wconf 86' lang='lat' dir='ltr'><strong>var.</strong></span> <span class='ocrx_word' id='word_1_369' title='bbox 2145 4546 2407 4609; x_wconf 88' lang='lat' dir='ltr'><strong>axillare</strong></span> <span class='ocrx_word' id='word_1_370' title='bbox 2438 4544 2892 4627; x_wconf 79' lang='lat' dir='ltr'><strong>pertinet..</strong></span> 
     </span>
    </p>

    <p class='ocr_par' dir='ltr' id='par_1_17' title="bbox 431 4647 3062 4819">
     <span class='ocr_line' id='line_1_43' title="bbox 640 4647 3062 4731; baseline -0 -18"><span class='ocrx_word' id='word_1_371' title='bbox 640 4650 826 4713; x_wconf 74' lang='lat' dir='ltr'><strong>Obsv.</strong></span> <span class='ocrx_word' id='word_1_372' title='bbox 861 4651 945 4713; x_wconf 84' lang='lat' dir='ltr'><strong>X.</strong></span> <span class='ocrx_word' id='word_1_373' title='bbox 1026 4650 1382 4731; x_wconf 87' lang='lat' dir='ltr'><strong>Specimina</strong></span> <span class='ocrx_word' id='word_1_374' title='bbox 1429 4647 1673 4730; x_wconf 83' lang='lat' dir='ltr'><strong>Athyrii</strong></span> <span class='ocrx_word' id='word_1_375' title='bbox 1715 4651 1804 4714; x_wconf 86' lang='lat' dir='ltr'><strong>fil.</strong></span> <span class='ocrx_word' id='word_1_376' title='bbox 1842 4651 1989 4714; x_wconf 81' lang='lat' dir='ltr'><strong>fem.</strong></span> <span class='ocrx_word' id='word_1_377' title='bbox 2036 4651 2102 4713; x_wconf 85' lang='lat' dir='ltr'><strong>in</strong></span> <span class='ocrx_word' id='word_1_378' title='bbox 2142 4651 2268 4713; x_wconf 91' lang='lat' dir='ltr'><strong>ins.</strong></span> <span class='ocrx_word' id='word_1_379' title='bbox 2318 4647 2559 4728; x_wconf 84' lang='lat' dir='ltr'><strong>Kadjak</strong></span> <span class='ocrx_word' id='word_1_380' title='bbox 2598 4650 2856 4712; x_wconf 83' lang='lat' dir='ltr'><strong>collecta</strong></span> <span class='ocrx_word' id='word_1_381' title='bbox 2904 4648 3062 4712; x_wconf 89' lang='lat' dir='ltr'><strong>miro</strong></span> 
     </span>
     <span class='ocr_line' id='line_1_44' title="bbox 431 4737 1593 4819; baseline -0.002 -3"><span class='ocrx_word' id='word_1_382' title='bbox 431 4737 445 4750; x_wconf 44' lang='lat'>‘</span> <span class='ocrx_word' id='word_1_383' title='bbox 469 4751 653 4818; x_wconf 89' lang='lat' dir='ltr'><strong>modo</strong></span> <span class='ocrx_word' id='word_1_384' title='bbox 683 4753 763 4818; x_wconf 91' lang='lat' dir='ltr'><strong>ad</strong></span> <span class='ocrx_word' id='word_1_385' title='bbox 797 4771 930 4819; x_wconf 87' lang='lat' dir='ltr'><strong>var.</strong></span> <span class='ocrx_word' id='word_1_386' title='bbox 968 4754 1230 4817; x_wconf 84' lang='lat' dir='ltr'><strong>axillare</strong></span> <span class='ocrx_word' id='word_1_387' title='bbox 1259 4750 1593 4818; x_wconf 89' lang='lat' dir='ltr'><strong>accedunt.</strong></span> 
     </span>
    </p>
   </div>
  </div>
 </body>
</html>
