3509 5267
616 250 744 318 290
1703 258 2149 334 Rhizocarpeae.

633 423 948 523 (Mobille).
986 428 1115 490 Ins.
1155 425 1483 490 Sardinia:
1521 425 1802 504 Iglesias,
1840 427 2198 510 Iugurtoau‚
2235 427 2382 493 Puia
2426 429 2530 513 (De
2560 432 2833 514 Notaris,
2871 432 3235 518 Aacbersom

619 529 976 610 Reinhardt)
1008 554 1022 605 ;
1063 532 1188 593 lna.
1221 531 1518 611 Caprera,
1555 526 1929 593 Maddalena
1968 529 2280 614 (Tempio),
2317 534 2377 595 al
2408 531 2641 596 Padule
2676 533 2818 617 [Mle
2850 536 3250 618 Pulchiona],·

618 636 855 717 Maggio
890 633 1267 716 (Marcucct).
1298 668 1386 679 —
1412 635 1661 695 Ficuzza
1687 632 1937 696 Siciliae
1962 631 2269 718 (Todaro).
2335 635 2619 719 Alget-ia:
2659 640 2742 701 La
2768 638 2965 719 Galle,
3003 639 3068 703 in
3094 641 3239 703 col-

621 737 796 801 libus
827 736 1009 819 Eduy
1050 735 1324 821 (Durieu)
1353 756 1369 814 ;
1406 755 1603 819 prope
1633 734 1894 801 Medeai]
1930 737 2228 820 (Monard)
2260 756 2275 815 ;
2323 739 2628 822 Phrygia:
2669 742 2895 823 village
2926 740 3008 805 de
3038 744 3240 806 Kaia-

623 840 771 922 geul
801 858 885 902 au
915 841 1037 903 SO.
1078 838 1409 904 d’Ouchak
1451 837 1804 923 (Balanea).
1845 873 1921 888 -

797 944 1064 1009 Cor-mus
1089 946 1295 1007 rarius
1329 938 1721 1024 AE-suloatus,
1760 943 1954 1007 iacies
1985 942 2438 1026 desquamatae
2469 948 3016 1012 concaviusculae.
3067 949 3238 1014 Folia

620 1048 899 1112 30-50.
967 1048 1246 1112 Cellulae
1278 1046 1627 1126 coloratae,
1678 1047 2068 1109 incrassatae
2098 1066 2222 1109 nou
2256 1048 2463 1110 solum
2497 1051 2560 1111 in
2579 1125 2582 1126 7
2604 1049 2791 1113 dorso
2821 1053 3088 1132 vaginae
3120 1049 3239 1114 sed

619 1152 809 1215 etiam
851 1152 919 1213 in
962 1160 1283 1216 texturam
1342 1153 1657 1215 internam
1705 1158 2084 1233 penetrant;
2149 1150 2273 1212 sub
2318 1149 2510 1214 dente
2556 1152 2830 1216 ventrali
2885 1154 3238 1236 micropyle

621 1254 979 1335 invenitur,
1031 1254 1263 1319 lineam
1310 1253 1803 1318 transversalem
1836 1254 2283 1316 semilunarem
2317 1255 2575 1317 sistens.
2618 1288 2695 1301 —
2727 1256 2775 1317 Ι.
2812 1257 3070 1338 Hystrix
3100 1254 3239 1319 dii·-

618 1355 742 1451 fert
796 1357 878 1419 ab
936 1359 980 1420 1.
1041 1360 1333 1423 Duriaeai
1392 1358 1714 1423 cornubus
1774 1354 2148 1421 lateralibus
2204 1354 2789 1441 phyllopodiorum,
2854 1377 3002 1423 area
3060 1360 3237 1423 intus

619 1479 998 1541 cavernosa,
1038 1464 1457 1545 maorosporis
1488 1472 1553 1524 et
1585 1460 2010 1542 microsporis.

793 1567 1030 1630 Isoetes
1061 1568 1262 1631 sicula
1301 1565 1533 1629 Todaro
1558 1564 1875 1646 descripta
1907 1571 2005 1627 est
2034 1582 2067 1626 a
2094 1562 2172 1625 cl.
2210 1572 2427 1626 autore
2457 1564 2523 1625 in
2550 1564 2841 1627 Giornale
2873 1562 2937 1626 di
2971 1566 3234 1629 Scienze

620 1678 754 1733 nat.
804 1668 883 1732 ed
925 1688 1102 1733 econ.
1153 1667 1219 1731 di
1262 1669 1570 1732 Palermo.
1634 1668 1773 1733 Vol.
1824 1667 2076 1730 I.·fasc.
2126 1667 2225 1728 ΙΙΙ.
2274 1675 2340 1727 et
2380 1667 2475 1729 IV.
2524 1687 2588 1749 p.
2638 1667 2787 1730 254.
2857 1667 2951 1733 01.
2995 1668 3231 1731 Todaro

620 1773 968 1854 specimina
993 1791 1238 1836 mecum
1261 1772 1772 1851 communicavit,
1812 1779 1876 1835 at
1899 1769 2135 1833 frustra
2168 1767 2556 1832 differentias
2589 1770 2914 1852 specificas
2937 1772 3232 1854 quaesivi

618 1885 682 1940 et
723 1876 804 1938 cl.
850 1874 925 1938 A.
962 1877 1185 1939 Braun
1225 1873 1676 1939 determinavit
1717 1892 1893 1936 eam:
1947 1874 2047 1953 „1.
2082 1874 2340 1955 Hystrix
2369 1873 2525 1936 Dur
2577 1876 2645 1936 B.
2693 1872 2894 1938 forma
2937 1871 3234 1957 desqua-

495 2058 503 2067 ἢ
617 1988 790 2042 mata
819 1979 888 2041 b.
925 1981 1270 2060 caespitosa
1301 1975 1371 2013 *³*
1401 1977 1770 2059 brevispina
1802 1975 1845 2039 l.
1882 1973 1986 2011 *³¹*
2015 1975 2486 2040 subinermis.“

794 2074 952 2145 Gom
1001 2081 1118 2144 hac
1159 2082 1373 2164 planta
1418 2100 1546 2145 non
1594 2089 1695 2144 est
1737 2077 2181 2144 commutanda
2231 2081 2276 2142 1.
2325 2079 2531 2142 velata
2576 2099 2638 2142 v.
2690 2079 2887 2142 sicula
2933 2079 3228 2156 Gennari,

619 2203 783 2268 quae
816 2203 1035 2250 revera
1068 2182 1149 2248 ad
1180 2186 1226 2248 Ι.
1264 2185 1537 2247 velatam
1570 2185 1866 2268 pertinet.

1328 2648 1568 2731 Fam.
1614 2646 1768 2730 IV.
1874 2646 2527 2771 Rhizocarpeae.

792 2919 1011 2985 Batscli
1044 2921 1201 3003 Tab.
1239 2920 1463 3005 affinit.
1501 2940 1565 3002 p.
1607 2918 1725 2980 261
1772 2916 2015 3003 (4802).

788 3026 1327 3109 Macrosporangia
1359 3033 1424 3092 et
1454 3022 1985 3105 microsporangia
2032 3030 2150 3083 aut·
2186 3021 2252 3082 in
2282 3018 2503 3082 eodem
2534 3015 2982 3097 conceptaculo
3015 3024 3129 3078 aut
3159 3016 3225 3076 in

618 3130 913 3195 discretis
951 3128 1423 3211 conceptaculis
1456 3124 1723 3189 inclusa.
1792 3127 2222 3205 Macrosporae
2253 3121 2532 3185 mamilla
2561 3115 2911 3200 praeditae.

787 3227 1043 3297 Planta‘e
1072 3236 1140 3296 in
1182 3251 1343 3316 aqua
1391 3239 1716 3310 natantes,
1769 3230 1812 3291 1.
1867 3230 1932 3291 in
1977 3227 2124 3289 limo
2170 3223 2558 3303 radicantes,
2616 3221 2916 3286 fasciculo
2958 3219 3229 3283 centrali

614 3340 988 3402 instructae.
1060 3336 1228 3400 Folia
1282 3335 1517 3397 lamina
1569 3333 1908 3413 destituta,
1972 3330 2284 3393 filiformia
2338 3329 2379 3389 l.
2439 3325 2674 3387 lamina
2727 3324 3066 3405 explanata
3117 3322 3232 3383 in-

614 3452 881 3507 structa.

1432 3661 1756 3770 Subordol
1773 3660 1829 3739 Ι.
1904 3655 2391 3737 Marsfflaceae.

785 3857 1095 3938 Bartlingq,
1134 3851 1290 3917 Ord.
1328 3864 1462 3916 nat.
1501 3854 1700 3934 plant.
1739 3871 1807 3932 p.
1849 3853 1927 3914 45
1970 3847 2211 3932 (4830).

750 4000 754 4005 -
787 3957 1245 4040 Conceptacula
1271 3957 1504 4040 petiolo
1536 3956 1636 4018 vel
1665 3974 1866 4036 prope
1890 3953 2074 4015 basin
2099 3949 2315 4032 petioli
2342 3950 2600 4025 inserta,
2637 3937 3224 4026 bi-quadrivalvia.

608 4063 1150 4146 Macrosporangia
1181 4069 1246 4122 et
1277 4059 1804 4141 microsporangia
1838 4057 1905 4119 in
1936 4054 2155 4119 eodem
2191 4033 2637 4131 conceptaculo
2668 4048 3041 4110 consociata.

781 4168 946 4232 Folia
985 4166 1351 4229 vernatione
1384 4164 1708 4226 circinata.

783 4273 1038 4335 Plantae
1070 4272 1415 4333 rhizomate
1445 4268 1511 4329 in
1545 4266 1691 4328 limo
1723 4272 1984 4345 repente
2017 4266 2464 4344 perennantes.

782 4377 1033 4441 Confer.
1120 4375 1212 4438 W.
1267 4371 1658 4454 Hofmeister,
1725 4367 2079 4449 Vergleich.
2135 4367 2379 4429 Unters.
2447 4360 2625 4422 hohr.
2677 4356 2972 4437 Cryptog.
3024 4354 3225 4417 4854.

605 4492 672 4545 et
702 4482 892 4544 Beitr.
931 4500 984 4541 z.
1025 4478 1366 4541 Kenntniss
1400 4474 1465 4537 d.
1505 4473 1948 4555 Gefflsskrypt.
1986 4471 2060 4536 11.
2096 4471 2165 4531 in
2198 4463 2430 4529 Abhdl.
2468 4464 2534 4526 k.
2573 4461 2781 4524 sachs.
2816 4456 3225 4521 Gesellschft.

605 4584 670 4649 d.
711 4581 1155 4645 Wissenscbft.
1192 4583 1265 4645 V.
1306 4580 1494 4640 4857.

777 4682 889 4752 32.
957 4682 1226 4747 malma
1264 4681 1436 4745 Vaill.
1474 4684 1748 4744 Botan.
1786 4679 2020 4743 Paris
2063 4673 2274 4761 (4727)
2312 4680 2362 4736 t.
2397 4673 2528 4737 XV.
2564 4670 2696 4752 fig.
2734 4671 2795 4730 6.
2834 4684 2899 4746 p.
2940 4663 3089 4726 459.

777 4788 1239 4869 Conceptacula
1274 4784 1653 4868 pedicellata
1685 4783 1966 4865 globosa,
2006 4780 2292 4846 axillaria
2324 4779 2371 4841 l.
2408 4769 2910 4850 extraaxillaria,
2947 4767 3012 4827 in
3045 4765 3228 4829 2-4
