3509 5267
565 198 604 259 2
1680 207 2065 282 Sporophyta.

564 365 925 431 Subordo
969 369 1067 431 111.
1164 371 1623 448 cyatheaeeae.
1720 363 2077 453 Sporangia'
2114 376 2347 438 annulo
2394 329 2650 458 obliquo
2694 378 3000 474 completo
3043 381 3155 442 in-

819 482 1081 555 structa,
1121 477 1277 537 rima
1312 476 1724 538 transversali
1757 474 2167 540 dehiscentia.
2805 475 2808 480 ’

560 592 924 656 Subordo
969 597 1071 660 IV.
1160 597 1652 659 Osmundaceae.
1746 598 2094 678 Sporangia
2139 595 2373 661 annulo
2427 602 2740 663 terminali
2788 613 3150 667 transverso

817 697 1146 761 dimidiato
1190 699 1604 781 (incompleto)
1643 701 1972 780 instructa,
2014 702 2247 763 vertice
2280 701 2687 766 dehiscentia.

563 819 924 882 Subordo
966 821 1040 882 V.
1123 819 1644 899 Ophioglossoae.
1733 822 2076 903 Sporangia
2122 823 2532 905 exannulata‚
2586 824 2887 886 bivalvia.
2981 828 3145 889 Folia

818 925 1195 986 vernatione·
1216 926 1435 988 stricta
1469 925 1513 986 l.
1552 923 1941 1005 inclinativa,
1992 925 2055 988 in
2102 936 2490 1007 segmentum
2536 929 2815 989 anticum
2848 928 3052 991 fertile
3084 941 3149 992 et

815 1028 1126 1108 posticum
1160 1028 1372 1090 sterile
1404 1026 1631 1091 divisa.

1301 1284 1600 1363 Subordo
1636 1286 1692 1364 Ι.
1766 1287 2403 1389 Hymenophylleae.

732 1461 790 1522 1.
827 1457 1431 1539 Hymenophyllum.
1513 1462 1649 1522 Sori
1682 1463 2151 1542 receptaculum
2183 1464 2500 1528 inclusum
2541 1471 2949 1545 occupantes,
3031 1467 3145 1526 Iu—

555 1563 807 1627 dusium
840 1565 1110 1626 inferum
1144 1563 1566 1643 dimidiatum,
1606 1583 1639 1626 e
1673 1563 1897 1626 lacinia
1932 1564 2118 1628 fertili
2151 1566 2510 1647 formatum,
2548 1568 2838 1631 bifidum.

725 1670 1069 1750 Sporangia
1105 1669 1351 1731 sessilia
1385 1666 1732 1743 turbinata,
1769 1670 2005 1730 annulo
2037 1678 2400 1734 transverso
2432 1673 2766 1752 instructa,
2807 1674 2963 1733 rima
2997 1674 3145 1734 lon—

551 1772 888 1858 gitudinali
921 1772 1336 1835 dehiscentia.
1407 1773 1682 1833 Stomata
1714 1773 1913 1834 nulla.
3029 1767 3042 1779 '

722 1896 785 1956 2.
823 1893 1291 1955 Trichoman'es.
1361 1892 1498 1951 Sori
1531 1891 1714 1954 basin
1747 1893 2132 1973 receptaculi
2164 1893 2699 1958 columelliformis
2732 1908 3137 1979 occupantes,

549 1998 876 2059 Indusium
923 1996 1195 2060 inferum
1239 1993 1640 2056 dimidiatum
1684 2015 1801 2075 per
1846 2005 2039 2058 totam
2083 1997 2537 2078 longitudinem
2583 2018 2663 2061 ex
2693 2000 2922 2064 lacinia
2953 2001 3141 2064 fertili

436 2156 457 2168 .
549 2102 911 2180 formatum,
961 2107 1325 2161 truncatum
1368 2099 1413 2161 l.
1458 2098 1740 2161 breviter
1783 2099 2179 2164 bilabiatum.
2256 2103 2602 2184 Sporangia
2635 2105 3135 2186 Hymenopbylli.

548 2206 828 2265 Stomata
862 2205 1060 2267 nulla.

1321 2460 1619 2538 Subordo
1655 2461 1757 2577 11.
1821 2462 2364 2561 Polypodiaoeae.

549 2654 833 2716 Tribus
872 2655 920 2714 1.
1000 2652 1550 2714 Aorostichaceae.
1633 2653 1828 2713 Sorus
1875 2654 2290 2736 parenehyma
2339 2673 2695 2739 nervosque
2727 2659 2996 2739 paginae
3028 2661 3137 2721 in·-

804 2756 1050 2817 ferioris
1081 2756 1144 2817 in
1179 2756 1456 2818 decursu
1485 2774 1824 2817 nervorum
1859 2775 2201 2837 occupans,

546 2880 833 2941 Tribus
875 2879 948 2938 11.
1025 2879 1477 2956 Polypodie‘ae.
1561 2878 1753 2938 Sorus
1801 2874 2139 2938 decursum
2185 2897 2519 2942 nervorum
2563 2879 2661 2941 vel
2708 2890 3137 2944 anastomoses

802 3000 1136 3043 nervorum
1187 2981 1475 3064 proprias
1519 2980 1753 3041 fertiles
1803 2982 1900 3042 vel
1956 2978 2211 3042 dorsum
2262 2983 2361 3043 vel
2416 2985 2659 3064 apicem
2716 2987 3135 3048 incrassatum

802 3104 1139 3147 nervorum
1175 3103 1519 3164 occupanS.

546 3207 835 3270 Tribus
866 3208 963 3267 Ill.
1022 3206 1502 3283 Aspleniaceae.
1573 3204 1769 3265 Sorus
1802 3204 2187 3266 unilateralis
2220 3205 2284 3265 in
2318 3203 2592 3268 decursu
2623 3226 2986 3288 nervorum,
3026 3210 3140 3270 in·-

802 3308 982 3371 dusio
1014 3310 1255 3394 laterali
1290 3317 1512 3387 tectus,
1563 3309 1769 3369 rarius
1801 3305 2261 3386 exindusiatuS,
2313 3310 2411 3370 vel
2449 3328 2631 3372 sorus
2659 3311 2841 3389 'apice
2872 3308 3130 3374 dorsum
3224 3343 3243 3356 ·

799 3431 1136 3475 nervorum
1170 3410 1638 3493 transgrediens
1673 3431 1977 3475 recurvus
2007 3413 2106 3473 vel
2143 3413 2627 3493 hippocrepicus
2665 3412 2937 3488 indusio,
2991 3433 3131 3477 soro

799 3517 1122 3597 conformi,
1170 3535 1361 3577 nervo
1410 3515 1593 3578 fertili
1639 3515 1870 3578 adnato
1913 3518 2283 3595 instructus,
2338 3516 2437 3577 vel
2484 3535 2665 3577 sorus
2702 3529 3131 3581 anastomoses

797 3622 1087 3701 proprias
1135 3639 1471 3683 nervorum
1519 3639 1834 3701 occupans
1877 3620 2272 3683 unilateralis
2315 3627 2378 3680 et
2424 3618 2675 3681 indusio
2712 3640 2908 3683 nervo
2942 3621 3142 3688 fertili.
3219 3625 3246 3642 “

689 3787 699 3792 ,
799 3722 1058 3798 adnato,
1118 3725 1403 3802 margine
1451 3724 1669 3785 costali
1723 3723 1955 3801 libem,
2017 3725 2387 3785 instructus,
2481 3723 2754 3785 Petiolus
2806 3726 3132 3786 rbizomati

798 3826 1161 3890 continuus.
2357 3831 2367 3842 ’

541 3944 826 4006 Tribus
861 3945 957 4006 lV.
1022 3945 1466 4023 Aspidiaceae.
1535 3948 1727 4008 Sorus
1761 3944 2030 4007 dorsalis
2063 3942 2418 4006 indusiatus
2450 3923 2653 4008 rarius
2685 3947 3036 4009 terminalis
3068 3954 3131 4008 et

799 4049 1004 4109 rarius
1037 4046 1502 4111 exindusiatus.

656 4150 811 4201 Adn.
870 4151 1225 4217 Phegopteris
1253 4165 1283 4201 a
1311 4151 1597 4216 Polypodii
1636 4150 1939 4216 speciebus,
1984 4152 2125 4213 soris
2151 4151 2465 4203 dorsalibus
2502 4151 2663 4204 nudis
2697 4151 2984 4204 instructis
3013 4151 3128 4201 dis-

865 4239 1134 4303 tinguitur
1157 4238 1361 4312 peticio
1387 4237 1674 4308 rh—igzomati
1701 4239 1984 4300 continuO.

537 4344 823 4406 Tribus
856 4344 929 4404 V.
995 4342 1471 4407 Davalliaceae.
1549 4344 1740 4405 Sorus
1776 4343 2123 4405 terminalis
2169 4342 2265 4403 vel
2311 4342 2500 4404 alaris
2531 4340 2892 4404 indusiatus
2927 4342 3025 4403 vel
3060 4345 3123 4403 in

796 4466 948 4508 arcu
980 4448 1428 4510 anastomotico
1467 4447 1957 4528 intramarginali
1999 4448 2253 4527 proprio
2296 4464 2632 4509 nervorum
2679 4446 3016 4506 continuus
3062 4455 3125 4506 et

797 4548 983 4610 simul
1017 4547 1289 4630 indusio,
1331 4552 1625 4612 continuo
1658 4552 1942 4631 margine
1975 4558 2235 4612 externo
2266 4548 2465 4611 libero
2497 4556 2725 4609 tectus.

651 4651 808 4702 Adn.
864 4651 1227 4719 Nephrolepis
1265 4652 1447 4703 differt
1486 4666 1517 4703 a
1555 4652 1829 4705 similibus
1855 4652 2186 4716 Aspidiaceis
2224 4655 2409 4704 nervis
2446 4649 2718 4702 fertilibus
2755 4653 2812 4702 et
2846 4648 3125 4703 sterilibus
3202 4644 3219 4656 ⁶

864 4739 1018 4804 apice
1044 4740 1382 4792 incrassatis.
1777 4740 1785 4747 '
