3509 5267
585 222 715 294 212
950 187 955 191 ἱ
1660 227 2105 301 Equisetaceae.

587 392 806 477 adest,
858 413 939 459 ex
983 414 1106 477 qua
1155 395 1380 476 vagina
1427 413 1551 458 non
1594 412 1709 476 pro
1755 395 2062 459 verticillo
2105 371 2838 460 foliorum‘connatorum
2882 397 3194 462 sumenda

586 500 696 563 sit.
760 499 1132 581 Ubicunque
1163 500 1491 582 sporangia
1536 500 1603 561 in
1648 499 1929 580 vaginis,
1982 518 2146 581 quae
2176 498 2481 564 dicuntur
2509 508 2938 581 monstrosae,
2991 500 3098 563 vel
3127 502 3192 563 in

586 602 955 668 annulis-in
995 602 1137 666 basi
1181 603 1396 683 spicae
1438 599 1813 666 sedentibus
1853 602 2308 685 observantur,
2366 604 2524 667 haec
2561 621 2812 687 semper
2854 606 2920 667 in
2963 605 3189 686 pagina

586 707 914 786 interiore,
971 725 1136 788 quae
1180 724 1396 770 revera
1444 706 1732 786 superior
1774 714 1907 786 est,
1956 703 2207 769 sedent.
2272 705 2602 785 Videmus,
2653 709 2920 789 vaginas
2958 707 3194 787 hujus—-

586 810 754 880 modi
800 810 1368 893 sporangiopbcras
1413 828 1607 892 saepe
1644 810 1712 872 in
1751 809 1960 874 foliola
2001 813 2247 895 singula
2292 811 2493 876 dividi
2524 824 2586 877 et
2628 817 2917 898 vaginam
2950 818 3187 879 sensim

586 917 652 978 in
684 914 1064 979 verticillum
1096 913 1386 976 foliorum
1419 911 1745 992 fertilium,
1785 915 2120 994 peltarum,
2160 919 2591 981 transmutari.
2658 919 3034 982 Innumerae
3064 938 3189 982 va-

586 1020 773 1101 ginae
810 1018 1206 1081 examinatae
1247 1036 1348 1079 me
1390 1016 1779 1096 docuerunt,
1840 1035 2064 1081 revera
2109 1020 2415 1085 verticilla
2460 1022 2770 1103 peltarum
2814 1021 2970 1085 nihil
3015 1021 3186 1085 aliud

587 1141 732 1187 esse
760 1141 836 1185 ac
864 1122 1122 1203 vaginas
1153 1120 1404 1185 steriles
1435 1128 1912 1201 transmutatas,
1950 1130 2017 1184 at
2045 1139 2364 1205 nusquam
2388 1125 2541 1204 vidi,
2578 1127 2693 1188 has
2716 1125 2924 1207 peltas
2948 1126 3188 1190 fertiles

587 1244 625 1289 e
656 1226 851 1289 ramis
881 1226 1144 1291 mutatis
1175 1232 1349 1288 ortas
1381 1242 1545 1288 esse.

1655 1414 1750 1478 De
1781 1416 2107 1480 ochi-oola.
3193 1396 3241 1439 ⁸

720 1553 1026 1619 Ochreola
1048 1550 1271 1632 libera,
1302 1570 1465 1634 quae
1487 1552 1675 1616 basin
1702 1571 2018 1617 ramorum
2035 1555 2475 1635 Equisetorum
2503 1554 2780 1617 omnium
2807 1552 3180 1636 circumdat,

591 1659 808 1722 multis
841 1658 1005 1720 notis
1035 1673 1069 1718 a
1112 1655 1374 1737 reliquis
1405 1658 1651 1738 vaginis
1694 1675 2014 1722 ramorum
2058 1657 2300 1738 differt,
2352 1658 2908 1740 primumcolore,
2957 1658 3187 1723 deinde

588 1760 894 1825 dentibus
923 1761 1298 1843 plerumque
1328 1761 1539 1823 minus
1571 1763 1960 1841 numerosis,
2013 1780 2202 1844 quam
2235 1764 2298 1823 in
2332 1763 2573 1843 vaginis
2605 1781 2922 1825 ramorum
2955 1764 3188 1827 obser-

590 1874 821 1930 vantur
840 1911 856 1944 ,
893 1872 959 1928 et
986 1866 1215 1928 natura
1246 1865 1625 1942 anatomica3
1674 1865 1942 1947 angulus
1975 1867 2140 1928 enim
2173 1866 2402 1927 unicus
2432 1873 2730 1929 externus
2758 1865 3183 1949 parenchyma

593 1966 832 2048 viride,
885 1975 1150 2031 stomata
1181 1975 1248 2030 et
1277 1966 1643 2030 fasciculum
1674 1969 2071 2032 vascularem
2106 1970 2378 2048 contine,
2418 1966 2568 2032 dum
2603 1969 2828 2053 reliqui
2860 1969 3187 2033 ochreolae

588 2071 805 2154 anguli
838 2072 1325 2155 parenchymate
1353 2069 1563 2152 viridi,
1602 2072 1982 2137 stomatibus
2012 2082 2079 2136 et
2106 2073 2421 2138 fasciculis
2453 2083 2692 2136 carent.

1421 2277 1515 2342 Do
1548 2280 1977 2345 collocatione
2006 2299 2346 2347 ramorum.

759 2424 848 2487 De
877 2421 982 2484 illa
1014 2418 1382 2504 quaestione
1413 2416 1685 2482 multum
1716 2421 2174 2502 scriptumest,
2213 2440 2365 2483 num
2392 2421 2739 2485 verticillus
2772 2440 3086 2486 ramorum
3122 2439 3188 2483 re

589 2545 736 2590 vera
782 2524 862 2589 ad
895 2545 1033 2589 eam
1069 2525 1356 2606 vaginam
1391 2522 1737 2603 pertineat,
1777 2522 1899 2587 sub
1932 2542 2057 2606 qua
2088 2524 2334 2605 positus
2367 2534 2488 2587 est.
2553 2517 2834 2588 Examen
2865 2526 3188 2588 anatomi—

507 2675 513 2682 .
588 2650 733 2694 cum
767 2649 880 2693 nos
912 2626 1120 2709 docet,
1157 2647 1289 2689 rem
1322 2647 1538 2690 revera
1571 2629 1661 2690 ita
1692 2646 1855 2689 esse.
1922 2628 2154 2708 Vagina
2190 2633 2281 2689 tot
2312 2625 2534 2691 dentes
2567 2627 2795 2710 habet,
2834 2639 2991 2714 quot
3018 2630 3191 2691 cari-.-

587 2752 704 2796 nas
746 2730 1175 2796 internodium
1216 2729 1374 2795 illud
1405 2728 1719 2815 possidet,
1770 2730 1838 2792 in
1869 2728 2050 2808 cujus
2081 2732 2260 2813 apice
2291 2732 2517 2813 vagina
2551 2732 2766 2814 sedet,
2815 2740 2907 2795 tot
2937 2750 3189 2814 quoque

588 2837 853 2899 lacunae
901 2836 1211 2898 carinales
1241 2846 1306 2898 et
1339 2835 1785 2915 valleculares,
1842 2840 1967 2916 tot,
2014 2852 2140 2895 non
2172 2837 2529 2918 complures
2561 2838 2720 2899 rami
2750 2833 3008 2897 adsunt.
3074 2833 3190 2895 Est

493 2981 509 2991 κ
587 2940 781 3022 igitur
823 2938 1225 3002 manifestum
1266 2937 1348 3003 ad
1392 2936 1688 3021 quodque
1726 2934 2157 3000 internodium
2203 2939 2524 3020 pertinere
2566 2940 2854 3022 vaginam
2901 2938 2965 3000 in
3008 2937 3189 3019 apice

587 3062 837 3107 summo
883 3040 1226 3106 internodii
1263 3041 1590 3107 sedentem
1633 3059 1969 3123 ramosque
2016 3039 2296 3103 hocloco
2329 3044 2603 3123 positos;
2655 3042 2806 3106 dum
2840 3042 3189 3104 verticillus

588 3165 905 3210 ramorum
949 3148 1015 3208 in
1061 3147 1277 3209 infima
1324 3155 1504 3230 parte
1550 3143 1890 3208 internodii
1933 3141 2165 3208 sedens
2205 3145 2288 3208 ad
2330 3144 2757 3209 internodium
2789 3139 3076 3228 'sequens
3121 3161 3189 3206 re

590 3269 738 3313 vera
769 3250 1070 3332 pertinet.

762 3369 830 3432 Si
860 3369 1055 3452 igitur
1084 3369 1433 3434 verticillus
1466 3388 1785 3436 ramorum
1817 3389 2093 3453 sequens
2124 3390 2159 3432 e
2193 3371 2387 3433 ramis
2431 3369 2971 3434 numerosioribus
3003 3388 3187 3434 com-

588 3474 835 3556 positus
867 3481 996 3551 est,
1043 3473 1266 3539 eadem
1315 3476 1556 3538 ratione
1601 3494 1855 3560 quoque
1888 3476 2113 3539 dentes
2144 3477 2283 3555 ejus
2303 3475 2577 3556 vaginae
2623 3484 2843 3538 auctos
2874 3474 3180 3553 invenies,

585 3577 711 3641 suh
741 3596 866 3660 qua
896 3577 1001 3639 hic
1027 3575 1380 3642 *verticillos
1414 3582 1658 3660 positus
1690 3588 1812 3643 est.

763 3698 856 3762 Gl.
880 3699 1050 3762 Doell
1066 3709 1282 3762 contra
1308 3678 1490 3782 putat
1523 3698 1783 3782 (Gerass.
1818 3702 2115 3782 Cryptog.
2146 3699 2403 3762 Grossh.
2435 3696 2704 3763 BadenS.
2731 3700 2921 3762 ⁴855.
2950 3718 3015 3779 p.
3050 3696 3180 3780 55),

589 3801 880 3881 vaginam
927 3800 1282 3865 internodio
1331 3806 1445 3865 toti
1489 3814 1787 3867 annatam
1834 3823 2010 3884 esse,
2062 3805 2125 3865 in
2169 3803 2349 3882 cujus
2392 3804 2570 3883 apice
2611 3820 2682 3864 ea
2716 3803 3073 3879 invenitur3
3122 3797 3186 3862 id

589 3901 760 3987 quod
795 3902 924 3981 jam
971 3906 1266 3968 examine
1304 3907 1569 3986 vaginae
1614 3908 1956 3987 refutatur,
2004 3926 2167 3988 quae
2209 3915 2505 3969 naturam
2533 3907 2892 3987 propriam,
2941 3924 2976 3967 a
3009 3905 3188 3967 caule

586 4024 780 4089 saepe
810 4003 1307 4106 diversissimam
1338 4010 1555 4073 habet.
1591 4046 1680 4059 —-

764 4114 856 4179 Cl.
894 4113 1137 4178 Stenzel
1169 4112 1359 4197 (Nova
1391 4113 1544 4178 Acta
1578 4116 1713 4179 Vol.
1750 4102 1987 4176 XXVII.
2024 4133 2088 4195 p.
2133 4114 2233 4175 45.
2280 4111 2330 4195 [⁴
2347 4111 2523 4196 864J)
2557 4122 2763 4195 putat,
2802 4113 3185 4177 verticillum

589 4237 907 4302 quemque
939 4236 1252 4281 ramorum
1287 4217 1370 4281 ad
1402 4220 1690 4301 vaginam
1723 4214 2068 4281 secundam
2101 4218 2488 4298 superiorem
2520 4218 2871 4298 pertinere3
2922 4216 2988 4282 id
3020 4214 3188 4300 quod

589 4332 925 4405 propterea
959 4323 1090 4401 jam
1135 4321 1272 4383 fieri
1305 4340 1429 4383 non
1461 4330 1708 4403 potest,
1757 4339 1954 4402 quum
1988 4320 2068 4383 ad
2100 4322 2391 4402 vaginam
2415 4368 2430 4395 ,
2483 4321 2755 4402 exempli
2797 4322 2997 4403 gratia
3030 4339 3190 4383 sex-

588 4423 936 4505 dentatam,
975 4443 1100 4488 non
1131 4426 1290 4487 rami
1323 4424 1530 4488 octoni
1561 4424 1882 4505 pertinere
1913 4432 2182 4505 possunt
2209 4434 2336 4487 etc.
2369 4458 2459 4470 —-

762 4517 856 4592 m.
910 4526 1279 4611 Galakovsky
1329 4526 1565 4610 (LotoS,
1618 4528 1806 4591 ⁴862.
1856 4547 1919 4609 p.
1971 4526 2140 4611 223.)
2196 4535 2412 4609 putat,
2465 4527 2838 4591 verticillum
2873 4541 3191 4610 quemque

588 4649 907 4693 ramorum
939 4629 1022 4693 ad
1051 4632 1342 4713 vaginam
1374 4632 1724 4714 proximam
1757 4631 2115 4696 inferiorem
2147 4632 2490 4712 pertinere.
2548 4628 2619 4692 Id
2650 4630 2818 4712 quod
2850 4649 2929 4693 ex
2962 4628 3187 4691 eadem

584 4752 777 4797 causa
808 4734 944 4797 fieri
977 4752 1104 4797 non
1135 4742 1380 4815 potest,
1419 4753 1618 4817 quare
1649 4736 1890 4800 theoria
1919 4735 2210 4799 Stenzelii
2230 4736 2358 4815 jam
2393 4733 2726 4797 refutanda
2761 4732 2901 4797 fuit.
