3509 5267
549 248 586 309 8
1736 248 1959 306 Filices.

722 420 769 467 ⁴.
809 418 967 469 Nerv.
1004 417 1417 481 Taenioptertdis.
1484 415 1651 467 Nervi
1694 413 2006 466 secundarii
2044 428 2075 466 e
2114 417 2266 467 costa
2305 414 2410 466 sub
2434 418 2638 480 angulo
2675 417 2786 469 iere
2810 422 2959 471 recto
2985 433 3138 485 egre-

546 507 771 556 diuntur
798 507 853 556 et
878 502 1120 553 decursu
1145 504 1294 553 recto
1323 503 1620 568 marginem
1648 503 1914 565 segmenti
1943 504 2151 566 petunt,
2182 515 2309 553 cum
2336 504 2518 555 nervis
2537 506 2794 556 tertiariis
2820 507 2914 570 qui
2940 520 3140 557 secun-

547 591 718 643 dariis
741 588 989 655 paralleli
1018 602 1140 639 esse
1168 588 1387 640 debent.
2897 629 2910 642 .

723 680 771 727 5.
812 677 970 728 Nerv.
1004 676 1435 739 Sphenopteridis.
1490 675 1656 725 Nervi
1683 674 1991 725 secundarii
2020 674 2124 725 sub
2150 676 2347 738 angulo
2374 675 2530 727 valde
2557 678 2719 728 acuto
2745 692 2777 729 e
2803 679 2953 729 costa
2981 692 3138 743 egre-
3180 739 3184 746 ⁶

548 765 791 825 dinntur,
837 766 890 812 et
918 763 1067 813 nervi
1094 763 1325 812 tertiarii
1364 760 1558 812 eodem
1598 760 1761 811 modo
1802 774 1833 812 e
1871 761 2212 822 secundariis
2251 762 2591 825 egredientes
2628 776 2756 813 cum
2783 765 2871 816 his
2896 765 3137 817 decursu

549 855 698 903 recto
724 850 1020 912 marginem
1047 852 1261 914 petunt.

722 942 771 988 6.
809 939 967 989 Nerv.
998 936 1310 999 Eupeeridis.
1377 935 1543 987 Nervi
1584 934 1894 986 secundarii
1931 934 2035 986 suh
2077 935 2273 1000 angulo
2315 938 2459 986 inter
2495 936 2696 987 formas
2737 940 2764 987 4
2804 939 2859 989 et
2899 940 2926 987 5
2966 939 3137 989 inter-

551 1025 730 1077 medio
756 1024 1109 1086 egrediuntur
1134 1024 1187 1073 et
1212 1022 1450 1072 decursu
1475 1025 1625 1073 recto
1652 1023 1956 1084 marginem
1982 1023 2193 1087 petunt.

724 1115 770 1163 7.
811 1113 970 1162 Nerv.
999 1112 1408 1176 Neuropteridis.
1472 1109 1639 1160 Nervi
1667 1108 1977 1159 secundarii
2009 1109 2115 1159 sub
2141 1107 2340 1171 angulo
2377 1108 2533 1159 valde
2561 1112 2723 1159 acuto
2751 1122 2780 1159 e
2807 1112 2957 1161 costa
2983 1124 3139 1174 egre-

548 1200 774 1249 diuntur
798 1200 851 1248 et
877 1211 1066 1248 arcum
1092 1210 1286 1248 versus
1313 1197 1522 1246 costam
1550 1209 1856 1246 convexum
1885 1194 2198 1257 formantes,
2229 1209 2354 1246 cum
2383 1197 2551 1246 ramis
2578 1196 2813 1261 denique
2839 1196 3137 1249 decursum

486 1307 499 1322 ·
548 1283 982 1351 Taeniopteridis
1013 1285 1077 1346 (6)
1112 1283 1495 1347 ingredientes,
1529 1284 1828 1346 marginem
1858 1284 2120 1346 segmenti
2143 1287 2537 1347 rassequuntur.

723 1376 772 1422 8.
812 1373 969 1423 Nerv.
1006 1370 1381 1435 cyclopteridis.
1450 1371 1611 1422 Costa
1654 1371 1834 1421 media
1872 1371 2127 1420 distincta
2167 1370 2330 1430 nulla,
2374 1369 2440 1419 ad
2469 1370 2629 1420 basin
2660 1368 2773 1421 folii
2803 1370 2839 1420 l.
2870 1373 3135 1435 segmenti

550 1456 799 1521 evanida,
833 1458 975 1509 unde
1002 1460 1159 1509 nervi
1188 1455 1643 1522 repetito-furenti
1671 1470 1700 1507 e
1728 1455 1845 1506 basi
1875 1456 1986 1507 folii
2013 1457 2047 1508 l.
2081 1457 2347 1522 segmenti
2374 1455 2738 1519 egredientes,

1078 1630 1171 1692 De
1200 1605 1633 1693 architectura.
1662 1630 1938 1692 laminae
1969 1631 2237 1693 Filicum
2270 1632 2597 1694 nonnulla.

718 1764 1161 1838 Architectura
1205 1768 1477 1830 laminae
1521 1767 1755 1828 filicum
1803 1767 2177 1847 plerumque
2226 1770 2313 1829 ita
2359 1766 2615 1829 definita
2649 1775 2766 1846 est,
2818 1775 2891 1830 ut
2935 1770 3137 1829 raris—

548 1876 706 1937 sime
752 1873 987 1935 formae
1032 1873 1462 1951 inveniantur,
1516 1889 1678 1954 quae
1725 1881 1936 1932 contra
1984 1890 2120 1932 eam
2157 1871 2360 1949 legem
2394 1879 2704 1952 pugnant,
2761 1873 2863 1932 cui
2895 1874 3139 1952 species

549 1978 838 2059 singulae
869 1974 1194 2055 subJ'eetae
1226 1983 1404 2036 sunt.
1482 1975 1745 2036 Lamina
1792 1976 1958 2040 enim
2005 1986 2116 2037 aut
2149 1975 2570 2057 pyramidata,
2620 1984 2732 2037 aut
2773 1974 3131 2055 decrescens,

549 2091 660 2143 aut
691 2079 981 2163 ampiqua
1010 2079 1354 2140 invenitur.

721 2185 789 2246 In
822 2183 1052 2244 lamina
1090 2181 1489 2264 pyramidata
1533 2192 1925 2261 segmentum
1974 2183 2021 2244 1.
2073 2183 2148 2243 Ο.
2198 2181 2480 2243 infimum
2526 2182 2804 2244 omnium
2837 2183 3141 2265 longissi—

550 2307 722 2351 mum
769 2297 902 2366 est,
968 2288 1034 2348 in
1079 2286 1311 2347 lamina
1354 2285 1718 2349 decrescenti
1764 2295 2088 2366 segmenta
2136 2287 2182 2347 1.
2237 2287 2313 2348 Ο.
2365 2285 2548 2348 basin
2600 2287 2869 2348 laminae
2914 2304 3139 2349 versus

550 2394 785 2456 sensim
832 2390 1126 2454 breviora
1173 2390 1356 2453 fiunt.
1453 2390 1773 2456 Laminam
1821 2389 2166 2472 ambiyuam
2215 2408 2349 2451 eam
2406 2391 2679 2472 appelle,
2737 2409 2901 2472 quae
2952 2389 3138 2453 basin

549 2514 773 2560 versus
806 2495 934 2556 fere
966 2479 1166 2571 aeque
1198 2492 1325 2554 lata
1358 2501 1477 2567 est,
1530 2490 1683 2553 dum
1726 2494 2013 2555 infimum
2047 2502 2445 2573 segmentum
2489 2494 2533 2553 l.
2581 2490 2707 2555 duo
2740 2494 2953 2556 infima
2985 2513 3138 2576 seg—

457 2637 464 2644 ·
551 2606 760 2662 menta
795 2599 840 2659 1.
881 2598 955 2658 0.
995 2594 1297 2676 proximis
1345 2595 1603 2675 paulum
1639 2598 1878 2658 minora
1913 2596 2219 2674 existunt,
2272 2605 2341 2657 ut
2388 2598 2451 2657 in
2484 2593 2746 2678 Aspidio
2784 2598 3131 2679 spinuloso,

548 2702 621 2765 A.
660 2702 943 2777 dilatato,
995 2696 1069 2761 A.
1108 2700 1415 2780 elongato,
1465 2695 1536 2760 A.
1576 2701 1947 2779 canariensi‚
2006 2701 2302 2780 Phegopt.
2341 2702 2649 2782 Drepane,
2703 2699 2958 2782 Athyrio
2988 2718 3141 2762 um—

551 2807 757 2884 broso,
812 2805 1096 2886 Cystopt.
1146 2802 1376 2883 fragili,
1431 2801 1766 2865 Woodsiis.
1869 2806 1936 2864 ln
1979 2804 2302 2865 nonnullis
2343 2799 2573 2866 harum
2628 2805 2864 2866 filie-um
2921 2822 3131 2884 saepe,

551 2916 875 2989 segmento
909 2908 956 2968 1.
996 2908 1072 2968 Ο.
1111 2907 1327 2984 infimo
1370 2906 1675 2987 elongato,
1727 2908 1958 2970 lamina
2006 2907 2294 2989 ambigua
2339 2917 2806 2970 transmutatur
2847 2908 2911 2968 in
2945 2926 3139 2989 pyra—

552 3011 851 3074 midatam
882 3011 1050 3072 utin
1080 3006 1302 3090 Aspid.
1341 3010 1655 3091 elongato,
1706 3011 1776 3072 Α.
1815 3011 2137 3093 spinuloso
2175 3019 2237 3073 et
2270 3011 2554 3090 dilatato,
2609 3012 2908 3092 Phegopt.
2947 3012 3133 3092 Drep.

550 3124 674 3178 etc.
751 3116 968 3195 Itaque
1015 3114 1246 3175 lamina
1291 3113 1590 3194 ambigua
1636 3112 1715 3174 ad
1750 3113 1982 3177 formas
2014 3117 2324 3197 ancipites
2357 3111 2716 3176 collocanda
2749 3124 2867 3177 est.
2944 3115 3154 3184 Prae-5

550 3219 767 3280 sertim
799 3214 1132 3297 Aspidium
1169 3216 1566 3297 spinulosum
1600 3218 1850 3279 excellit
1884 3218 2078 3297 figura
2114 3220 2385 3281 laminae
2417 3219 2613 3280 varia.

721 3323 1054 3401 Segmenta
1109 3322 1182 3383 11.
1242 3322 1316 3405 Q.
1380 3323 1753 3400 praesertim
1810 3322 1873 3381 in
1929 3321 2066 3385 basi
2122 3322 2387 3386 laminae
2448 3318 2793 3384 secundum
2855 3318 3139 3384 ordinem

547 3422 1099 3487 distinctissimum
1132 3421 1442 3505 disposita
1475 3443 1615 3487 esse
1649 3425 1877 3506 solent,
1919 3446 2079 3508 quae
2111 3425 2440 3508 dispositio
2474 3446 2599 3487 non
2633 3443 2774 3486 raro
2807 3424 3137 3505 aptissima

549 3535 649 3589 est
691 3525 772 3589 ad
814 3528 1062 3609 species
1108 3528 1329 3591 affines
1375 3536 1514 3591 tuto
1562 3526 2068 3612 distinguendas.
2150 3531 2256 3592 llla
2302 3530 2603 3613 dsspositio
2650 3542 2761 3594 aut
2802 3531 3143 3594 anadroma

550 3641 661 3693 aut
692 3632 1049 3695 catadroma
1080 3641 1198 3695 est.
1279 3616 1739 3714 Ea‘segmenta
1791 3636 1860 3697 ΙΙ.
1901 3637 1975 3697 Ο.
2026 3635 2429 3716 appellantur
2460 3636 2820 3714 anadroma,
2873 3652 3140 3717 quorum

550 3737 826 3817 primum
857 3737 923 3796 in
955 3735 1151 3797 latere
1183 3739 1511 3818 superiore
1545 3741 1857 3819 segmenti
1889 3739 2074 3819 primi
2109 3735 2346 3799 ordinis
2379 3736 2750 3816 collocatum
2781 3745 2919 3814 est3
2957 3746 3144 3804 cata-

550 3839 763 3902 droma
809 3839 1006 3919 igitur
1046 3859 1118 3901 ea
1165 3849 1351 3920 sunt,
1415 3859 1681 3922 quonum
1726 3844 2000 3924 primum
2048 3842 2113 3900 in
2157 3840 2351 3901 latere
2401 3839 2695 3902 inferiore
2740 3823 3139 3905 observatur.

553 3945 789 4005 Omnes
824 3939 1208 4023 Osmundae,
1262 3943 1488 4024 Todea,
1540 3942 1941 4025 Botrychium
1988 3943 2446 4024 lanuginosum,
2495 3946 2562 4006 B.
2600 3943 3027 4020 daucifolium‚
3072 3947 3139 4005 B.

550 4055 895 4108 ter-natum.
977 4048 1334 4129 Segmentis
1367 4047 1748 4111 catadromis
1796 4045 2191 4110 secundariis
2234 4045 2546 4127 gaudent3
2599 4047 2713 4110 sed
2746 4048 3143 4130 Botryohium

550 4150 998 4231 virginianum,
1036 4150 1167 4212 fere
1198 4153 1404 4216 omnia
1438 4150 1720 4231 Aspidia,
1762 4151 2081 4232 Asplenia,
2120 4150 2593 4234 Cystopterides
2625 4160 2945 4233 segmenta
2979 4170 3146 4214 ana-

551 4254 770 4317 droma
818 4255 1084 4331 habent3
1139 4256 1203 4316 in
1249 4254 1531 4318 Davallia
1577 4257 1931 4318 canariensi
1977 4265 2295 4336 segmenta
2342 4257 2411 4317 11.
2452 4257 2527 4318 O.
2575 4254 2939 4336 anadroma‚
2987 4273 3145 4336 seg-—

555 4368 762 4419 menta
797 4339 895 4420 1'11.
935 4360 1009 4420 Ο.
1050 4353 1409 4420 catadroma
1445 4366 1620 4418 sunt.
3237 4343 3242 4350 ⁹

722 4463 1106 4543 Saepissime
1161 4462 1568 4526 architectura
1624 4462 1913 4542 seymenti
1949 4461 2138 4540 infimi
2181 4465 2232 4522 Ι.
2285 4463 2356 4525 0.
2413 4462 2750 4545 singularis
2803 4468 2937 4549 est3
2998 4461 3145 4541 ple—

552 4583 818 4648 rumque
866 4568 1030 4627 enim
1077 4561 1198 4629 hec
1242 4573 1636 4648 segmentum
1680 4564 1818 4626 basi
1853 4584 1964 4626 sua
1999 4565 2377 4628 latissimum
2411 4575 2528 4638 est,
2579 4563 2899 4626 interdum
2934 4573 3141 4626 autem

554 4671 617 4730 in
651 4670 972 4731 nonnullis
1004 4669 1341 4750 speciebus
1388 4667 1569 4734 basin
1616 4689 1792 4733 suam
1829 4688 2051 4731 versus
2082 4668 2420 4734 admodum
2467 4679 2528 4732 et
2561 4670 2797 4734 sensim
2830 4667 3144 4732 decrescit

556 4783 623 4840 ut
666 4775 728 4834 in
761 4773 1020 4855 Athyrio
1063 4783 1338 4852 crenato‚
1391 4775 1801 4855 Hookeriano,
1850 4776 2137 4856 Botrych.
2178 4775 2433 4855 virgin.,
2491 4773 2575 4834 ita
2619 4782 2689 4838 ut
2734 4780 2864 4842 tota
2910 4770 3144 4844 lamina
