3509 5267
1426 199 1429 204 ’
1526 242 1810 308 nomae.
2453 205 2458 208 ’
2822 240 2950 303 275

350 410 760 489 spon-angium
796 408 1157 472 immersum
1178 456 1195 489 ,
1233 410 1606 492 plerumque
1637 409 1700 469 in
1734 407 2169 472 membranam
2205 411 2612 491 sporangium
2641 410 2787 492 plus
2820 414 2950 475 mi—

353 531 557 575 nusve
588 511 990 593 obtegentem
1026 522 1305 576 teneram
1328 561 1346 593 ,
1381 513 1618 592 velum,
1654 509 2027 575 dilatantur.

529 634 733 716 Supra
769 632 1010 699 foveam
1043 631 1314 699 mediam
1347 636 1501 700 rima
1527 634 1997 714 transversalis,
2032 631 2288 716 foveam,
2325 628 2726 714 observatur,
2765 642 2948 718 cujus

354 756 566 819 margo
599 736 856 800 inferior
886 737 1204 800 interdum
1239 739 1303 799 in
1337 737 1563 801 labium
1603 728 1999 820 producitur.
2082 738 2173 797 Ex
2206 736 2322 800 bac
2352 739 2594 803 foveola
2630 743 2947 804 verticalis

357 841 756 921 membrana,
816 841 1188 924 plerumque
1244 842 1768 919 cordato-ovata,
1827 841 2011 923 quasi
2057 842 2326 922 stipula,
2385 842 2633 928 (linyula
2675 843 2747 908 A.
2801 848 2938 930 Br.)

355 946 669 1026 assurgit,
720 948 901 1027 cujus
947 945 1124 1008 basis
1156 946 1599 1030 hippocrepica
1630 945 1885 1025 infima,
1932 941 2435 1032 (ylossopodium)‚
2490 948 2635 1011 folio
2665 949 2784 1031 ipsi
2818 952 2948 1012 im·-

360 1066 563 1111 mersa
598 1058 718 1111 est.

529 1170 722 1244 Area,
759 1181 1024 1251 excepto
1054 1171 1334 1252 margine
1366 1170 1626 1252 vaginae
1660 1169 2177 1245 membranaceo,
2215 1171 2320 1234 illa
2354 1190 2503 1252 pars
2523 1175 2790 1255 vaginae
2821 1186 2939 1256 est,

356 1291 522 1354 qnae
551 1275 717 1337 circa
749 1276 1150 1357 sporangium
1186 1282 1248 1335 et
1280 1275 1460 1336 basin
1493 1273 1772 1355 lingulae
1803 1275 1921 1336 sita
1953 1283 2073 1336 est.

532 1393 688 1456 Folia
722 1406 980 1458 externa
1015 1395 1399 1478 plerumque.
1437 1396 1967 1477 microsporangia
1990 1442 2004 1469 ,
2058 1395 2356 1459 interiora
2403 1402 2946 1481 macrosporangia

358 1498 717 1579 continent,
769 1499 909 1561 folia
955 1498 1191 1561 sterilia
1239 1500 1575 1566 transitum
1619 1500 1789 1562 inter
1831 1498 1972 1560 folia
2018 1497 2245 1559 fertilia
2297 1495 2587 1566 formant.
2666 1503 2951 1577 Quatuor

359 1602 623 1663 lacunae
655 1614 879 1666 aereae
925 1604 1139 1670 folium
1177 1612 1591 1686 percurrunt,
1640 1622 1758 1686 per
1797 1603 2126 1670 intervalla
2160 1606 2363 1685 septis
2397 1608 2775 1670 transversis
2807 1606 2953 1668 dis-

358 1715 606 1781 cretae,
674 1706 951 1772 medium
1020 1707 1234 1776 folium
1298 1707 1638 1774 fasciculus
1699 1707 2044 1789 percurrit,
2116 1726 2152 1769 e
2211 1708 2460 1770 cellulis
2511 1710 2833 1773 annulatis
2883 1720 2952 1774 et

358 1808 701 1891 spiralibus
745 1813 1154 1892 compositus.
1233 1807 1575 1892 Epidermis
1619 1812 1683 1872 in
1731 1810 2021 1891 plurimis
2065 1811 2408 1891 speciebus
2450 1812 2799 1877 stomatibus
2840 1815 2950 1875 in·-

359 1922 600 1975 structa
631 1923 751 1976 est.
835 1913 971 1977 Sub
1005 1912 1391 1995 epidermide
1421 1915 1837 1978 inveniuntur
1878 1914 1943 1975 in
1975 1914 2267 1994 plurimis
2299 1917 2638 1997 speciebus
2669 1916 2949 1980 fasciculi

360 2015 611 2083 fibrosi:
661 2017 786 2082 duo
831 2018 1111 2080 fasciculi
1144 2017 1359 2081 fibrosi
1400 2017 1765 2082 validissimi
1811 2018 2188 2098 cardinales,
2239 2017 2574 2082 fasciculus
2618 2019 2948 2085 medianus

363 2122 670 2183 venti-alis
716 2131 781 2184 et
827 2120 1134 2203 dorsalis,
1194 2132 1531 2202 vocantur,
1592 2142 1752 2206 quos
1802 2122 2084 2185 fasciculi
2139 2123 2515 2207 marqinales
2566 2133 2939 2205 sequuntur,

359 2223 680 2304 prioribus
712 2224 1136 2290 crassitudine
1168 2225 1301 2288 fere
1329 2227 1537 2308 aequi.
1623 2225 1707 2290 At
1748 2227 1941 2288 latera
1992 2224 2161 2287 dorsi
2209 2245 2398 2310 saepe
2438 2229 2623 2289 etiam
2669 2227 2949 2291 fasciculi

358 2329 679 2396 tenuiores
733 2328 1052 2412 (laterales)
1099 2330 1536 2394 inveniuntur.
1618 2331 1786 2392 luter
1830 2330 1942 2392 hos
1971 2327 2297 2410 fasciculos
2319 2329 2573 2410 fibrosos
2608 2331 2951 2396 cardinales

359 2432 569 2494 minus
603 2431 887 2496 distincti
921 2433 1303 2497 observandi
1336 2432 1653 2496 interdum
1688 2437 1902 2497 6-30
1935 2434 2281 2496 accessorii.
2521 2417 2526 2426 “

530 2541 1184 2636 Μαστοιροταοὲινίἰε
1216 2556 1421 2619 tribus
1455 2565 1742 2632 notatae,
1795 2552 2183 2631 tetraedrae,
2237 2565 2700 2635 componuntur
2730 2577 2765 2624 e
2792 2554 2953 2637 facie

361 2675 642 2720 convexa
678 2660 883 2723 basali
904 2657 971 2724 ‘et
1002 2679 1035 2721 e
1069 2658 1349 2722 faciebus
1379 2662 1660 2739 vertz'cz‘33
1711 2660 1923 2746 anyuli
1945 2658 2322 2744 maryinales
2352 2660 2695 2746 sejungunt
2726 2662 2948 2730 faciem

359 2760 639 2824 basalem
684 2784 715 2824 a
762 2764 1047 2828 faciebus
1092 2764 1388 2843 verticis3
1440 2767 1654 2849 anguli
1696 2764 1820 2830 sub
1867 2763 2063 2826 forma
2113 2770 2428 2828 costarum
2470 2763 2617 2844 plus
2661 2768 2951 2834 minusve

358 2864 630 2929 altarum
664 2870 972 2931 existunt.

432 2981 437 2985 ’
530 2989 962 3071 Μὶοτοιροηο
994 2990 1312 3076 trigonae,
1354 2990 1507 3054 stria
1543 2989 1821 3052 solitaria
1857 2997 2131 3054 notatae.
2189 2990 2441 3052 Praeter
2469 2985 2622 3068 folia
2649 2992 2953 3055 normalia

360 3091 426 3152 in
459 3093 795 3176 speciebus
827 3096 1149 3157 nonnullis
1180 3093 1512 3177 phyllades
1545 3103 1610 3155 et
1639 3092 2035 3178 phyllopodia
2069 3092 2507 3158 inveniuntur.

532 3197 885 3277 Phyliadon
927 3197 1072 3264 folia
1121 3200 1360 3262 sterilia
1407 3199 1470 3259 in
1523 3197 1861 3279 speciebus
1907 3196 2227 3262 nonnullis
2281 3196 2722 3281 appellantur,
2786 3218 2952 3282 quae

360 3301 693 3361 transitum
745 3303 910 3365 inter
953 3302 1095 3368 folia
1145 3301 1712 3384 macrosporangiis
1754 3312 1814 3363 ot
1864 3301 2029 3364 inter
2073 3299 2215 3366 folia
2262 3300 2813 3386 microsporangiis
2844 3305 2954 3368 in·-

362 3411 600 3464 structa
629 3403 932 3485 formant3
963 3408 1192 3469 lamina
1222 3406 1346 3469 folii
1373 3407 1541 3469 enim
1566 3405 1888 3468 evanescit
1914 3414 1977 3466 et
2000 3405 2203 3467 solum
2233 3405 2458 3488 vagina
2487 3404 2613 3470 folii
2643 3418 2945 3488 remanet,

363 3504 654 3570 indurata
706 3510 769 3572 in
815 3529 1143 3593 squamam
1196 3508 1615 3583 atrofuscam,
1665 3509 2062 3572 chartaceam
2108 3507 2153 3570 l.
2201 3506 2685 3594 cartilagineatn.
2764 3509 2950 3591 Apud

361 3612 701 3676 nonnullas
728 3615 975 3695 species
1010 3615 1150 3678 folia
1186 3615 1485 3678 normalia
1516 3612 1955 3694 phyllopodii·
1988 3610 2485 3676 circumdantur.
2561 3613 2728 3676 Haec
2759 3614 2952 3697 phyl-

363 3712 610 3793 lopodia
642 3735 677 3778 e
707 3716 874 3781 foliis
909 3719 1299 3780 normalibus
1330 3718 1644 3780 oriuntur.
1725 3719 1981 3778 Lamina
2025 3731 2239 3777 eorum
2286 3715 2452 3776 enim
2496 3732 2568 3777 eo
2613 3715 2954 3797 modode-

360 3808 550 3897 cidit,
601 3828 672 3881 ut
713 3822 841 3888 sola
876 3820 1050 3884 basis
1092 3821 1380 3884 foliorum
1425 3819 1950 3908 squamaeformis
1985 3819 2310 3892 indurata,
2364 3836 2628 3899 cornea,
2679 3819 2859 3905 nigra
2891 3831 2955 3884 et

361 3923 535 3984 vario
568 3923 753 3985 modo
786 3935 1025 3987 armata
1059 3933 1400 3988 remaneat.

535 4044 791 4112 comus
835 4045 1090 4129 plantae
1135 4066 1252 4128 pro
1300 4047 1568 4116 maxima
1613 4054 1791 4128 parte
1835 4067 1871 4109 e
1917 4044 2405 4130 parenchymate
2459 4044 2667 4125 amylo
2710 4045 2951 4126 repleto

240 4162 259 4168 ⁶
360 4150 793 4229 componitur3
840 4150 904 4218 in
935 4148 1147 4218 medio
1179 4170 1389 4218 cormo
1420 4169 1649 4230 corpus
1683 4150 2057 4230 oblongum,
2110 4151 2410 4223 ssavidum
2445 4151 2792 4233 lignosum,
2844 4149 2953 4212 in-

362 4249 535 4314 ferne
565 4253 981 4334 semitunare,
1016 4257 1360 4336 praecipue
1386 4273 1424 4318 e
1455 4253 1699 4322 cellulis
1729 4252 2120 4326 abbreviatis
2141 4302 2156 4332 ,
2197 4254 2670 4330 fusiformibus,
2707 4252 2954 4316 reticu—

360 4356 505 4419 latis
547 4366 613 4418 et
654 4357 997 4450 spiralibus
1040 4358 1373 4426 formatum
1420 4366 1619 4420 strato
1676 4357 1969 4422 cambiali
2024 4355 2513 4424 circumdatum·
2548 4356 2949 4422 observatur.

358 4460 454 4524 Ex
516 4460 632 4524 hoc
692 4463 860 4544 ligno
922 4461 1211 4530 radiatim
1273 4481 1458 4530 arcus
1517 4460 1815 4528 deorsum
1869 4461 1950 4526 ad
2007 4461 2283 4539 radices,
2349 4478 2606 4528 sursum
2666 4458 2749 4523 ad
2809 4460 2952 4523 folia

360 4561 625 4628 abeunt.

526 4670 816 4738 Stratum
856 4671 1149 4736 corticale
1180 4671 1520 4753 quotannis
1566 4681 1751 4734 extus
1798 4677 2150 4734 emortuum
2195 4666 2406 4734 denuo
2447 4667 2532 4734 ab
2565 4667 2809 4734 interno
2843 4686 2954 4730 re·-

359 4781 650 4838 novatur.

2441 4890 2545 4943 18*
