<?xml version="1.0" encoding="UTF-8"?>
<!DOCTYPE html PUBLIC "-//W3C//DTD XHTML 1.0 Transitional//EN"
    "http://www.w3.org/TR/xhtml1/DTD/xhtml1-transitional.dtd">
<html xmlns="http://www.w3.org/1999/xhtml" xml:lang="en" lang="en">
 <head>
  <title>
</title>
<meta http-equiv="Content-Type" content="text/html;charset=utf-8" />
  <meta name='ocr-system' content='tesseract 3.04.00' />
  <meta name='ocr-capabilities' content='ocr_page ocr_carea ocr_par ocr_line ocrx_word'/>
</head>
<body>
  <div class='ocr_page' id='page_1' title='image "./filiceseuropaee00mildgoog_0105.png"; bbox 0 0 3509 5267; ppageno 0'>
   <div class='ocr_carea' id='block_1_1' title="bbox 1507 180 2957 294">
    <p class='ocr_par' dir='ltr' id='par_1_1' title="bbox 1507 180 2957 294">
     <span class='ocr_line' id='line_1_1' title="bbox 1507 180 2957 294; baseline -0.001 -2"><span class='ocrx_word' id='word_1_1' title='bbox 1507 230 1810 292; x_wconf 63' lang='lat' dir='ltr'><strong>camois.</strong></span> <span class='ocrx_word' id='word_1_2' title='bbox 2659 259 2668 268; x_wconf 63' lang='lat'><strong><em>¹</em></strong></span> <span class='ocrx_word' id='word_1_3' title='bbox 2696 180 2701 186; x_wconf 92' lang='lat'><em>·</em></span> <span class='ocrx_word' id='word_1_4' title='bbox 2847 230 2957 294; x_wconf 74' lang='grc'><strong>,95</strong></span> 
     </span>
    </p>
   </div>
   <div class='ocr_carea' id='block_1_2' title="bbox 350 397 2994 998">
    <p class='ocr_par' dir='ltr' id='par_1_2' title="bbox 352 397 2944 585">
     <span class='ocr_line' id='line_1_2' title="bbox 354 397 2944 482; baseline 0.001 -20"><span class='ocrx_word' id='word_1_5' title='bbox 354 401 513 477; x_wconf 60' lang='grc' dir='ltr'><strong>υἱῆες</strong></span> <span class='ocrx_word' id='word_1_6' title='bbox 567 400 805 478; x_wconf 56' lang='lat' dir='ltr'><strong>&#39;funin</strong></span> <span class='ocrx_word' id='word_1_7' title='bbox 854 401 1050 462; x_wconf 80' lang='lat' dir='ltr'><strong>Gran.</strong></span> <span class='ocrx_word' id='word_1_8' title='bbox 1090 433 1176 450; x_wconf 81' lang='lat'><strong>--</strong></span> <span class='ocrx_word' id='word_1_9' title='bbox 1224 398 1639 463; x_wconf 73' lang='lat' dir='ltr'><strong>Desidet-atur</strong></span> <span class='ocrx_word' id='word_1_10' title='bbox 1678 401 1751 462; x_wconf 79' lang='lat' dir='ltr'><strong>in·</strong></span> <span class='ocrx_word' id='word_1_11' title='bbox 1791 399 2246 481; x_wconf 58' lang='lat' dir='ltr'><strong>Scaudianis,</strong></span> <span class='ocrx_word' id='word_1_12' title='bbox 2305 401 2569 482; x_wconf 64' lang='lat' dir='ltr'><strong>silesia,</strong></span> <span class='ocrx_word' id='word_1_13' title='bbox 2599 397 2944 480; x_wconf 58' lang='lat' dir='ltr'><strong>Eunomia,</strong></span> 
     </span>
     <span class='ocr_line' id='line_1_3' title="bbox 352 501 1745 585; baseline 0 -21"><span class='ocrx_word' id='word_1_14' title='bbox 352 501 629 583; x_wconf 85' lang='lat' dir='ltr'><strong>Austria,</strong></span> <span class='ocrx_word' id='word_1_15' title='bbox 667 505 900 585; x_wconf 83' lang='lat' dir='ltr'><strong>Styria,</strong></span> <span class='ocrx_word' id='word_1_16' title='bbox 939 505 1160 574; x_wconf 78' lang='lat' dir='ltr'><strong>Bossia</strong></span> <span class='ocrx_word' id='word_1_17' title='bbox 1192 502 1451 581; x_wconf 87' lang='lat' dir='ltr'><strong>boreali,</strong></span> <span class='ocrx_word' id='word_1_18' title='bbox 1492 502 1745 565; x_wconf 86' lang='lat' dir='ltr'><strong>Sibiria.</strong></span> 
     </span>
    </p>

    <p class='ocr_par' dir='ltr' id='par_1_3' title="bbox 350 622 2994 998">
     <span class='ocr_line' id='line_1_4' title="bbox 519 622 2994 704; baseline 0.001 -18"><span class='ocrx_word' id='word_1_19' title='bbox 519 625 743 686; x_wconf 86' lang='lat' dir='ltr'><strong>Paleae</strong></span> <span class='ocrx_word' id='word_1_20' title='bbox 775 624 1049 686; x_wconf 82' lang='lat' dir='ltr'><strong>laminae</strong></span> <span class='ocrx_word' id='word_1_21' title='bbox 1078 625 1352 704; x_wconf 88' lang='lat' dir='ltr'><strong>primum</strong></span> <span class='ocrx_word' id='word_1_22' title='bbox 1386 632 1740 704; x_wconf 75' lang='lat' dir='ltr'>argenteae,</span> <span class='ocrx_word' id='word_1_23' title='bbox 1783 643 1926 685; x_wconf 86' lang='lat' dir='ltr'><strong>mox</strong></span> <span class='ocrx_word' id='word_1_24' title='bbox 1960 622 2371 702; x_wconf 77' lang='lat' dir='ltr'><strong>rufesccnteS,</strong></span> <span class='ocrx_word' id='word_1_25' title='bbox 2425 624 2948 689; x_wconf 77' lang='lat' dir='ltr'><strong>cordato-ovatae</strong></span> <span class='ocrx_word' id='word_1_26' title='bbox 2985 646 2994 650; x_wconf 85' lang='lat'>·</span> 
     </span>
     <span class='ocr_line' id='line_1_5' title="bbox 351 725 2949 809; baseline 0.001 -21"><span class='ocrx_word' id='word_1_27' title='bbox 351 729 414 789; x_wconf 87' lang='lat' dir='ltr'><strong>in</strong></span> <span class='ocrx_word' id='word_1_28' title='bbox 449 725 814 807; x_wconf 79' lang='lat' dir='ltr'><strong>glandulam</strong></span> <span class='ocrx_word' id='word_1_29' title='bbox 845 737 1171 806; x_wconf 82' lang='lat' dir='ltr'><strong>exeuntes,</strong></span> <span class='ocrx_word' id='word_1_30' title='bbox 1210 726 1491 806; x_wconf 78' lang='lat' dir='ltr'><strong>margine</strong></span> <span class='ocrx_word' id='word_1_31' title='bbox 1520 725 1839 789; x_wconf 74' lang='lat' dir='ltr'><strong>dentatae.</strong></span> <span class='ocrx_word' id='word_1_32' title='bbox 1906 728 2146 808; x_wconf 85' lang='lat' dir='ltr'><strong>Sporae</strong></span> <span class='ocrx_word' id='word_1_33' title='bbox 2177 725 2410 808; x_wconf 77' lang='lat' dir='ltr'><strong>fuscae,</strong></span> <span class='ocrx_word' id='word_1_34' title='bbox 2447 729 2685 809; x_wconf 83' lang='lat' dir='ltr'><strong>ovales,</strong></span> <span class='ocrx_word' id='word_1_35' title='bbox 2723 729 2949 791; x_wconf 82' lang='lat' dir='ltr'><strong>obtuse</strong></span> 
     </span>
     <span class='ocr_line' id='line_1_6' title="bbox 350 828 2948 913; baseline 0.001 -23"><span class='ocrx_word' id='word_1_36' title='bbox 350 831 705 910; x_wconf 82' lang='lat' dir='ltr'><strong>aculeatae3</strong></span> <span class='ocrx_word' id='word_1_37' title='bbox 745 832 809 893; x_wconf 92' lang='lat' dir='ltr'><strong>in</strong></span> <span class='ocrx_word' id='word_1_38' title='bbox 843 831 1071 913; x_wconf 85' lang='lat' dir='ltr'><strong>petiola</strong></span> <span class='ocrx_word' id='word_1_39' title='bbox 1104 830 1482 909; x_wconf 60' lang='lat' dir='ltr'><strong>Zfascic-uli,</strong></span> <span class='ocrx_word' id='word_1_40' title='bbox 1520 839 1793 911; x_wconf 90' lang='lat' dir='ltr'><strong>quatuor</strong></span> <span class='ocrx_word' id='word_1_41' title='bbox 1810 831 1970 900; x_wconf 82' lang='lat' dir='ltr'><strong>locis</strong></span> <span class='ocrx_word' id='word_1_42' title='bbox 1993 828 2281 894; x_wconf 87' lang='lat' dir='ltr'><strong>discretis</strong></span> <span class='ocrx_word' id='word_1_43' title='bbox 2313 831 2561 894; x_wconf 89' lang='lat' dir='ltr'><strong>cellulis</strong></span> <span class='ocrx_word' id='word_1_44' title='bbox 2592 831 2788 896; x_wconf 85' lang='lat' dir='ltr'><strong>fuscis</strong></span> <span class='ocrx_word' id='word_1_45' title='bbox 2818 835 2948 895; x_wconf 80' lang='lat' dir='ltr'><strong>cir—</strong></span> 
     </span>
     <span class='ocr_line' id='line_1_7' title="bbox 353 931 652 998; baseline -0.01 -2"><span class='ocrx_word' id='word_1_46' title='bbox 353 931 652 998; x_wconf 77' lang='lat' dir='ltr'><strong>cnmdati.</strong></span> 
     </span>
    </p>
   </div>
   <div class='ocr_carea' id='block_1_3' title="bbox 351 1052 2952 1553">
    <p class='ocr_par' dir='ltr' id='par_1_4' title="bbox 351 1052 2952 1553">
     <span class='ocr_line' id='line_1_8' title="bbox 521 1052 2944 1138; baseline 0 -22"><span class='ocrx_word' id='word_1_47' title='bbox 521 1056 674 1116; x_wconf 85' lang='lat' dir='ltr'><strong>Miro</strong></span> <span class='ocrx_word' id='word_1_48' title='bbox 719 1052 902 1117; x_wconf 89' lang='lat' dir='ltr'><strong>modo</strong></span> <span class='ocrx_word' id='word_1_49' title='bbox 947 1054 1096 1115; x_wconf 87' lang='lat' dir='ltr'><strong>huic</strong></span> <span class='ocrx_word' id='word_1_50' title='bbox 1138 1055 1374 1138; x_wconf 88' lang='lat' dir='ltr'><strong>speciei</strong></span> <span class='ocrx_word' id='word_1_51' title='bbox 1418 1055 1621 1117; x_wconf 89' lang='lat' dir='ltr'><strong>simile</strong></span> <span class='ocrx_word' id='word_1_52' title='bbox 1665 1064 1762 1118; x_wconf 87' lang='lat' dir='ltr'><strong>est</strong></span> <span class='ocrx_word' id='word_1_53' title='bbox 1793 1053 2163 1136; x_wconf 87' lang='lat' dir='ltr'><strong>Asplenium</strong></span> <span class='ocrx_word' id='word_1_54' title='bbox 2206 1056 2529 1121; x_wconf 74' lang='lat' dir='ltr'><strong>alternans</strong></span> <span class='ocrx_word' id='word_1_55' title='bbox 2569 1056 2747 1121; x_wconf 80' lang='lat' dir='ltr'><strong>Wall.</strong></span> <span class='ocrx_word' id='word_1_56' title='bbox 2809 1059 2944 1121; x_wconf 75' lang='lat' dir='ltr'><strong>Cal.</strong></span> 
     </span>
     <span class='ocr_line' id='line_1_9' title="bbox 351 1156 2952 1243; baseline 0.001 -22"><span class='ocrx_word' id='word_1_57' title='bbox 351 1160 456 1221; x_wconf 91' lang='lat' dir='ltr'><strong>No.</strong></span> <span class='ocrx_word' id='word_1_58' title='bbox 492 1159 651 1221; x_wconf 86' lang='grc'><strong>224.</strong></span> <span class='ocrx_word' id='word_1_59' title='bbox 724 1156 814 1241; x_wconf 79' lang='lat' dir='ltr'><strong>(A.</strong></span> <span class='ocrx_word' id='word_1_60' title='bbox 851 1157 1229 1221; x_wconf 87' lang='lat' dir='ltr'><strong>Dalhousiae</strong></span> <span class='ocrx_word' id='word_1_61' title='bbox 1258 1156 1447 1221; x_wconf 80' lang='lat' dir='ltr'><strong>Hook.</strong></span> <span class='ocrx_word' id='word_1_62' title='bbox 1494 1160 1578 1220; x_wconf 86' lang='lat' dir='ltr'><strong>lc.</strong></span> <span class='ocrx_word' id='word_1_63' title='bbox 1630 1158 1720 1238; x_wconf 92' lang='lat' dir='ltr'><strong>pl.</strong></span> <span class='ocrx_word' id='word_1_64' title='bbox 1769 1156 1902 1219; x_wconf 88' lang='lat' dir='ltr'><strong>tab.</strong></span> <span class='ocrx_word' id='word_1_65' title='bbox 1944 1159 2115 1238; x_wconf 79' lang='grc'><strong>405),</strong></span> <span class='ocrx_word' id='word_1_66' title='bbox 2152 1158 2217 1221; x_wconf 85' lang='lat' dir='ltr'><strong>in</strong></span> <span class='ocrx_word' id='word_1_67' title='bbox 2251 1158 2602 1243; x_wconf 83' lang='lat' dir='ltr'><strong>Himalaya‚</strong></span> <span class='ocrx_word' id='word_1_68' title='bbox 2654 1162 2855 1223; x_wconf 86' lang='lat' dir='ltr'><strong>Nubia</strong></span> <span class='ocrx_word' id='word_1_69' title='bbox 2889 1175 2952 1223; x_wconf 75' lang='lat' dir='ltr'><strong>et</strong></span> 
     </span>
     <span class='ocr_line' id='line_1_10' title="bbox 352 1258 2949 1345; baseline 0 -21"><span class='ocrx_word' id='word_1_70' title='bbox 352 1261 690 1344; x_wconf 86' lang='lat' dir='ltr'><strong>Abyssinia</strong></span> <span class='ocrx_word' id='word_1_71' title='bbox 737 1260 1107 1340; x_wconf 87' lang='lat' dir='ltr'><strong>collectum,</strong></span> <span class='ocrx_word' id='word_1_72' title='bbox 1159 1258 1332 1341; x_wconf 89' lang='lat' dir='ltr'><strong>quod</strong></span> <span class='ocrx_word' id='word_1_73' title='bbox 1373 1280 1521 1324; x_wconf 89' lang='lat' dir='ltr'><strong>vero</strong></span> <span class='ocrx_word' id='word_1_74' title='bbox 1563 1259 1772 1323; x_wconf 81' lang='lat' dir='ltr'><strong>differt</strong></span> <span class='ocrx_word' id='word_1_75' title='bbox 1812 1262 2058 1324; x_wconf 91' lang='lat' dir='ltr'><strong>laciniis</strong></span> <span class='ocrx_word' id='word_1_76' title='bbox 2103 1261 2333 1325; x_wconf 88' lang='lat' dir='ltr'><strong>subtus</strong></span> <span class='ocrx_word' id='word_1_77' title='bbox 2363 1263 2634 1345; x_wconf 78' lang='lat' dir='ltr'><strong>glabris,</strong></span> <span class='ocrx_word' id='word_1_78' title='bbox 2686 1274 2949 1327; x_wconf 86' lang='lat' dir='ltr'><strong>anasto-</strong></span> 
     </span>
     <span class='ocr_line' id='line_1_11' title="bbox 351 1361 2945 1449; baseline -0 -19"><span class='ocrx_word' id='word_1_79' title='bbox 351 1366 634 1430; x_wconf 86' lang='lat' dir='ltr'><strong>mosibus</strong></span> <span class='ocrx_word' id='word_1_80' title='bbox 674 1364 904 1446; x_wconf 84' lang='lat' dir='ltr'><strong>nullis,</strong></span> <span class='ocrx_word' id='word_1_81' title='bbox 955 1361 1228 1426; x_wconf 86' lang='lat' dir='ltr'><strong>indusiis</strong></span> <span class='ocrx_word' id='word_1_82' title='bbox 1271 1365 1506 1447; x_wconf 79' lang='lat' dir='ltr'><strong>longis,</strong></span> <span class='ocrx_word' id='word_1_83' title='bbox 1552 1364 1722 1427; x_wconf 89' lang='lat' dir='ltr'><strong>latis.</strong></span> <span class='ocrx_word' id='word_1_84' title='bbox 1792 1364 2020 1428; x_wconf 75' lang='lat' dir='ltr'><strong>Confer</strong></span> <span class='ocrx_word' id='word_1_85' title='bbox 2050 1364 2235 1428; x_wconf 69' lang='lat' dir='ltr'><strong>uitae</strong></span> <span class='ocrx_word' id='word_1_86' title='bbox 2279 1368 2347 1429; x_wconf 90' lang='lat' dir='ltr'><strong>in</strong></span> <span class='ocrx_word' id='word_1_87' title='bbox 2373 1369 2509 1431; x_wconf 89' lang='lat' dir='ltr'><strong>Bot.</strong></span> <span class='ocrx_word' id='word_1_88' title='bbox 2551 1371 2680 1449; x_wconf 81' lang='lat' dir='ltr'><strong>Ztg.</strong></span> <span class='ocrx_word' id='word_1_89' title='bbox 2721 1369 2829 1429; x_wconf 89' lang='grc' dir='ltr'><strong>Νο.</strong></span> <span class='ocrx_word' id='word_1_90' title='bbox 2869 1369 2945 1430; x_wconf 82' lang='grc'><strong>40</strong></span> 
     </span>
     <span class='ocr_line' id='line_1_12' title="bbox 358 1468 606 1553; baseline 0.008 -22"><span class='ocrx_word' id='word_1_91' title='bbox 358 1471 409 1546; x_wconf 86' lang='grc'><strong>(4</strong></span> <span class='ocrx_word' id='word_1_92' title='bbox 428 1468 606 1553; x_wconf 81' lang='grc'><strong>866).</strong></span> 
     </span>
    </p>
   </div>
   <div class='ocr_carea' id='block_1_4' title="bbox 350 1588 2945 1881">
    <p class='ocr_par' dir='ltr' id='par_1_5' title="bbox 350 1588 2940 1881">
     <span class='ocr_line' id='line_1_13' title="bbox 522 1588 2940 1677; baseline 0 -26"><span class='ocrx_word' id='word_1_93' title='bbox 522 1591 588 1655; x_wconf 92' lang='grc'><strong>2.</strong></span> <span class='ocrx_word' id='word_1_94' title='bbox 647 1591 714 1654; x_wconf 77' lang='lat'><strong>0.</strong></span> <span class='ocrx_word' id='word_1_95' title='bbox 768 1608 1028 1654; x_wconf 72' lang='lat' dir='ltr'><strong>aureum</strong></span> <span class='ocrx_word' id='word_1_96' title='bbox 1083 1588 1424 1654; x_wconf 69' lang='lat' dir='ltr'><strong>Cavanilles</strong></span> <span class='ocrx_word' id='word_1_97' title='bbox 1474 1589 1700 1653; x_wconf 86' lang='lat' dir='ltr'><strong>Anal.</strong></span> <span class='ocrx_word' id='word_1_98' title='bbox 1747 1589 2003 1653; x_wconf 84' lang='lat' dir='ltr'><strong>Cienc.</strong></span> <span class='ocrx_word' id='word_1_99' title='bbox 2056 1597 2213 1651; x_wconf 88' lang='lat' dir='ltr'><strong>nat.</strong></span> <span class='ocrx_word' id='word_1_100' title='bbox 2258 1590 2357 1654; x_wconf 87' lang='lat' dir='ltr'><strong>IV.</strong></span> <span class='ocrx_word' id='word_1_101' title='bbox 2407 1610 2469 1672; x_wconf 93' lang='lat' dir='ltr'><strong>p.</strong></span> <span class='ocrx_word' id='word_1_102' title='bbox 2525 1592 2670 1653; x_wconf 73' lang='lat'><strong>⁴04.</strong></span> <span class='ocrx_word' id='word_1_103' title='bbox 2732 1590 2940 1677; x_wconf 86' lang='grc'><strong>(4804)</strong></span> 
     </span>
     <span class='ocr_line' id='line_1_14' title="bbox 350 1691 2945 1777; baseline 0.001 -22"><span class='ocrx_word' id='word_1_104' title='bbox 350 1696 421 1757; x_wconf 92' lang='lat' dir='ltr'><strong>L.</strong></span> <span class='ocrx_word' id='word_1_105' title='bbox 482 1713 548 1758; x_wconf 87' lang='lat' dir='ltr'><strong>v.</strong></span> <span class='ocrx_word' id='word_1_106' title='bbox 611 1693 807 1757; x_wconf 81' lang='lat' dir='ltr'><strong>Buch.</strong></span> <span class='ocrx_word' id='word_1_107' title='bbox 871 1693 1356 1777; x_wconf 80' lang='lat' dir='ltr'><strong>Allgemeine</strong></span> <span class='ocrx_word' id='word_1_108' title='bbox 1401 1694 1726 1758; x_wconf 85' lang='lat' dir='ltr'><strong>Uebers.</strong></span> <span class='ocrx_word' id='word_1_109' title='bbox 1788 1691 1932 1755; x_wconf 89' lang='lat' dir='ltr'><strong>der</strong></span> <span class='ocrx_word' id='word_1_110' title='bbox 1979 1693 2174 1755; x_wconf 88' lang='lat' dir='ltr'><strong>Flor.</strong></span> <span class='ocrx_word' id='word_1_111' title='bbox 2227 1696 2699 1757; x_wconf 84' lang='lat' dir='ltr'><strong>canar.1ns.</strong></span> <span class='ocrx_word' id='word_1_112' title='bbox 2753 1696 2945 1757; x_wconf 87' lang='grc'><strong>4849.</strong></span> 
     </span>
     <span class='ocr_line' id='line_1_15' title="bbox 351 1799 606 1881; baseline -0.014 -20"><span class='ocrx_word' id='word_1_113' title='bbox 351 1818 416 1881; x_wconf 88' lang='lat' dir='ltr'><strong>p.</strong></span> <span class='ocrx_word' id='word_1_114' title='bbox 458 1799 606 1861; x_wconf 82' lang='grc'><strong>364.</strong></span> 
     </span>
    </p>
   </div>
   <div class='ocr_carea' id='block_1_5' title="bbox 347 1914 2953 3123">
    <p class='ocr_par' dir='ltr' id='par_1_6' title="bbox 351 1914 2948 2418">
     <span class='ocr_line' id='line_1_16' title="bbox 526 1914 2943 2001; baseline 0.001 -22"><span class='ocrx_word' id='word_1_115' title='bbox 526 1919 678 1996; x_wconf 81' lang='lat' dir='ltr'><strong>Syn.</strong></span> <span class='ocrx_word' id='word_1_116' title='bbox 727 1914 1164 1979; x_wconf 87' lang='lat' dir='ltr'><strong>Acrostichum</strong></span> <span class='ocrx_word' id='word_1_117' title='bbox 1193 1936 1454 1980; x_wconf 88' lang='lat' dir='ltr'><strong>aureum</strong></span> <span class='ocrx_word' id='word_1_118' title='bbox 1480 1918 1629 1980; x_wconf 78' lang='lat' dir='ltr'><strong>Cav.</strong></span> <span class='ocrx_word' id='word_1_119' title='bbox 1667 1916 1709 1977; x_wconf 92' lang='lat' dir='ltr'><strong>l.</strong></span> <span class='ocrx_word' id='word_1_120' title='bbox 1748 1936 1843 2000; x_wconf 81' lang='lat' dir='ltr'><strong>c.;</strong></span> <span class='ocrx_word' id='word_1_121' title='bbox 1881 1952 1969 1963; x_wconf 94' lang='lat'><strong>—-</strong></span> <span class='ocrx_word' id='word_1_122' title='bbox 1994 1914 2364 1998; x_wconf 81' lang='lat' dir='ltr'><strong>Asplenium</strong></span> <span class='ocrx_word' id='word_1_123' title='bbox 2392 1917 2720 1983; x_wconf 73' lang='lat' dir='ltr'><strong>latifolium</strong></span> <span class='ocrx_word' id='word_1_124' title='bbox 2744 1916 2943 2001; x_wconf 58' lang='lat' dir='ltr'><strong>Boryk</strong></span> 
     </span>
     <span class='ocr_line' id='line_1_17' title="bbox 354 2018 2947 2103; baseline -0.001 -18"><span class='ocrx_word' id='word_1_125' title='bbox 354 2057 432 2069; x_wconf 89' lang='lat'>—</span> <span class='ocrx_word' id='word_1_126' title='bbox 466 2021 545 2085; x_wconf 84' lang='lat' dir='ltr'><strong>A.</strong></span> <span class='ocrx_word' id='word_1_127' title='bbox 586 2023 885 2087; x_wconf 82' lang='lat' dir='ltr'><strong>Ceterach</strong></span> <span class='ocrx_word' id='word_1_128' title='bbox 917 2022 965 2103; x_wconf 79' lang='grc' dir='ltr'>β</span> <span class='ocrx_word' id='word_1_129' title='bbox 993 2040 1253 2085; x_wconf 88' lang='lat' dir='ltr'><strong>aureum</strong></span> <span class='ocrx_word' id='word_1_130' title='bbox 1279 2018 1465 2084; x_wconf 79' lang='lat' dir='ltr'><strong>Hook.</strong></span> <span class='ocrx_word' id='word_1_131' title='bbox 1507 2057 1582 2066; x_wconf 92' lang='lat'>—</span> <span class='ocrx_word' id='word_1_132' title='bbox 1615 2019 1687 2085; x_wconf 83' lang='lat' dir='ltr'><strong>A.</strong></span> <span class='ocrx_word' id='word_1_133' title='bbox 1726 2021 2074 2083; x_wconf 84' lang='lat' dir='ltr'><strong>Teneriffae</strong></span> <span class='ocrx_word' id='word_1_134' title='bbox 2102 2021 2354 2084; x_wconf 82' lang='lat' dir='ltr'><strong>Brouss.</strong></span> <span class='ocrx_word' id='word_1_135' title='bbox 2383 2055 2463 2067; x_wconf 89' lang='lat'>—</span> <span class='ocrx_word' id='word_1_136' title='bbox 2497 2023 2797 2085; x_wconf 87' lang='lat' dir='ltr'><strong>Ceterach</strong></span> <span class='ocrx_word' id='word_1_137' title='bbox 2833 2041 2947 2083; x_wconf 87' lang='lat' dir='ltr'><strong>oa·-</strong></span> 
     </span>
     <span class='ocr_line' id='line_1_18' title="bbox 351 2124 2948 2209; baseline -0 -21"><span class='ocrx_word' id='word_1_138' title='bbox 351 2127 666 2188; x_wconf 85' lang='lat' dir='ltr'><strong>nariensis</strong></span> <span class='ocrx_word' id='word_1_139' title='bbox 704 2124 910 2189; x_wconf 83' lang='lat' dir='ltr'><strong>Willd.</strong></span> <span class='ocrx_word' id='word_1_140' title='bbox 945 2161 1028 2170; x_wconf 96' lang='lat'><strong>—</strong></span> <span class='ocrx_word' id='word_1_141' title='bbox 1062 2127 1129 2189; x_wconf 88' lang='lat' dir='ltr'><strong>C.</strong></span> <span class='ocrx_word' id='word_1_142' title='bbox 1167 2125 1496 2188; x_wconf 77' lang='lat' dir='ltr'><strong>latifolium</strong></span> <span class='ocrx_word' id='word_1_143' title='bbox 1530 2124 1663 2187; x_wconf 60' lang='lat' dir='ltr'><strong>Fac.</strong></span> <span class='ocrx_word' id='word_1_144' title='bbox 1700 2158 1786 2170; x_wconf 92' lang='lat'><strong>—-</strong></span> <span class='ocrx_word' id='word_1_145' title='bbox 1818 2124 2181 2188; x_wconf 87' lang='lat' dir='ltr'><strong>Grammitis</strong></span> <span class='ocrx_word' id='word_1_146' title='bbox 2215 2144 2402 2187; x_wconf 89' lang='lat' dir='ltr'><strong>aurea</strong></span> <span class='ocrx_word' id='word_1_147' title='bbox 2439 2125 2567 2187; x_wconf 88' lang='lat' dir='ltr'><strong>Sw.</strong></span> <span class='ocrx_word' id='word_1_148' title='bbox 2633 2159 2716 2172; x_wconf 88' lang='lat'>—</span> <span class='ocrx_word' id='word_1_149' title='bbox 2750 2126 2948 2209; x_wconf 83' lang='lat' dir='ltr'><strong>Gym-</strong></span> 
     </span>
     <span class='ocr_line' id='line_1_19' title="bbox 352 2227 2948 2313; baseline -0.002 -19"><span class='ocrx_word' id='word_1_150' title='bbox 352 2248 715 2313; x_wconf 80' lang='lat' dir='ltr'><strong>nogramme</strong></span> <span class='ocrx_word' id='word_1_151' title='bbox 757 2230 980 2311; x_wconf 73' lang='lat' dir='ltr'><strong>Bourq.</strong></span> <span class='ocrx_word' id='word_1_152' title='bbox 1038 2263 1113 2276; x_wconf 89' lang='lat'><em>-</em></span> <span class='ocrx_word' id='word_1_153' title='bbox 1165 2229 1468 2293; x_wconf 73' lang='lat' dir='ltr'><strong>Cetei-ach</strong></span> <span class='ocrx_word' id='word_1_154' title='bbox 1511 2227 1876 2308; x_wconf 89' lang='lat' dir='ltr'><strong>paleaceum</strong></span> <span class='ocrx_word' id='word_1_155' title='bbox 1908 2228 2169 2292; x_wconf 85' lang='lat' dir='ltr'><strong>E.-—·G.</strong></span> <span class='ocrx_word' id='word_1_156' title='bbox 2221 2227 2534 2291; x_wconf 77' lang='lat' dir='ltr'><strong>hastifolia</strong></span> <span class='ocrx_word' id='word_1_157' title='bbox 2564 2229 2828 2293; x_wconf 78' lang='lat' dir='ltr'><strong>Fischer.</strong></span> <span class='ocrx_word' id='word_1_158' title='bbox 2865 2263 2948 2277; x_wconf 79' lang='lat'><strong>-—-</strong></span> 
     </span>
     <span class='ocr_line' id='line_1_20' title="bbox 354 2331 1999 2418; baseline -0.003 -19"><span class='ocrx_word' id='word_1_159' title='bbox 354 2337 880 2418; x_wconf 76' lang='lat' dir='ltr'><strong>Gymnogramme</strong></span> <span class='ocrx_word' id='word_1_160' title='bbox 913 2333 1216 2397; x_wconf 86' lang='lat' dir='ltr'><strong>Ceterach</strong></span> <span class='ocrx_word' id='word_1_161' title='bbox 1249 2351 1382 2393; x_wconf 87' lang='lat' dir='ltr'><strong>var.</strong></span> <span class='ocrx_word' id='word_1_162' title='bbox 1421 2332 1808 2393; x_wconf 89' lang='lat' dir='ltr'><strong>canariensis</strong></span> <span class='ocrx_word' id='word_1_163' title='bbox 1838 2331 1999 2394; x_wconf 83' lang='lat' dir='ltr'><strong>Holl.</strong></span> 
     </span>
    </p>

    <p class='ocr_par' dir='ltr' id='par_1_7' title="bbox 347 2432 2949 2726">
     <span class='ocr_line' id='line_1_21' title="bbox 525 2432 2946 2519; baseline -0.002 -19"><span class='ocrx_word' id='word_1_164' title='bbox 525 2437 784 2519; x_wconf 81' lang='lat' dir='ltr'><strong>Species</strong></span> <span class='ocrx_word' id='word_1_165' title='bbox 824 2434 1222 2519; x_wconf 77' lang='lat' dir='ltr'><strong>praecedenti</strong></span> <span class='ocrx_word' id='word_1_166' title='bbox 1273 2432 1592 2498; x_wconf 86' lang='lat' dir='ltr'><strong>interdum</strong></span> <span class='ocrx_word' id='word_1_167' title='bbox 1649 2435 2001 2515; x_wconf 88' lang='lat' dir='ltr'><strong>simillima,</strong></span> <span class='ocrx_word' id='word_1_168' title='bbox 2059 2435 2456 2518; x_wconf 24' lang='lat' dir='ltr'><strong>athfacillime</strong></span> <span class='ocrx_word' id='word_1_169' title='bbox 2507 2432 2946 2517; x_wconf 81' lang='lat' dir='ltr'><strong>distinguenda</strong></span> 
     </span>
     <span class='ocr_line' id='line_1_22' title="bbox 347 2538 2949 2624; baseline -0.002 -20"><span class='ocrx_word' id='word_1_170' title='bbox 347 2542 673 2624; x_wconf 78' lang='lat' dir='ltr'><strong>palearum</strong></span> <span class='ocrx_word' id='word_1_171' title='bbox 703 2540 953 2620; x_wconf 60' lang='lat' dir='ltr'><strong>cellum,</strong></span> <span class='ocrx_word' id='word_1_172' title='bbox 1007 2559 1275 2623; x_wconf 86' lang='lat' dir='ltr'><strong>quarum</strong></span> <span class='ocrx_word' id='word_1_173' title='bbox 1308 2540 1521 2602; x_wconf 87' lang='lat' dir='ltr'><strong>lumen</strong></span> <span class='ocrx_word' id='word_1_174' title='bbox 1563 2540 1730 2603; x_wconf 59' lang='lat' dir='ltr'><strong>scrita</strong></span> <span class='ocrx_word' id='word_1_175' title='bbox 1774 2539 2107 2604; x_wconf 78' lang='lat' dir='ltr'><strong>linearibus</strong></span> <span class='ocrx_word' id='word_1_176' title='bbox 2134 2540 2477 2605; x_wconf 73' lang='lat' dir='ltr'><strong>numerosis</strong></span> <span class='ocrx_word' id='word_1_177' title='bbox 2517 2538 2949 2603; x_wconf 73' lang='lat' dir='ltr'><strong>cuticularibus</strong></span> 
     </span>
     <span class='ocr_line' id='line_1_23' title="bbox 353 2642 895 2726; baseline -0.004 -19"><span class='ocrx_word' id='word_1_178' title='bbox 353 2664 608 2726; x_wconf 85' lang='lat' dir='ltr'><strong>semper</strong></span> <span class='ocrx_word' id='word_1_179' title='bbox 638 2642 895 2726; x_wconf 83' lang='lat' dir='ltr'><strong>gaudet.</strong></span> 
     </span>
    </p>

    <p class='ocr_par' dir='ltr' id='par_1_8' title="bbox 351 2747 2953 2916">
     <span class='ocr_line' id='line_1_24' title="bbox 521 2747 2953 2870; baseline -0 -60"><span class='ocrx_word' id='word_1_180' title='bbox 521 2748 773 2812; x_wconf 74' lang='lat' dir='ltr'><strong>Exsicc.</strong></span> <span class='ocrx_word' id='word_1_181' title='bbox 839 2749 913 2838; x_wconf 95' lang='grc' dir='ltr'><strong>Ε.</strong></span> <span class='ocrx_word' id='word_1_182' title='bbox 961 2748 1308 2831; x_wconf 75' lang='lat' dir='ltr'><strong>Bouryeau.</strong></span> <span class='ocrx_word' id='word_1_183' title='bbox 1345 2747 1435 2810; x_wconf 88' lang='lat' dir='ltr'><strong>Pl.</strong></span> <span class='ocrx_word' id='word_1_184' title='bbox 1486 2765 1695 2811; x_wconf 86' lang='lat' dir='ltr'><strong>canar.</strong></span> <span class='ocrx_word' id='word_1_185' title='bbox 1747 2749 1861 2811; x_wconf 92' lang='lat' dir='ltr'><strong>No.</strong></span> <span class='ocrx_word' id='word_1_186' title='bbox 1908 2750 2011 2870; x_wconf 90' lang='grc'><strong>62.</strong></span> <span class='ocrx_word' id='word_1_187' title='bbox 2062 2756 2126 2811; x_wconf 91' lang='lat' dir='ltr'><strong>et</strong></span> <span class='ocrx_word' id='word_1_188' title='bbox 2167 2748 2244 2809; x_wconf 85' lang='lat' dir='ltr'><strong>It.</strong></span> <span class='ocrx_word' id='word_1_189' title='bbox 2279 2766 2410 2810; x_wconf 89' lang='lat' dir='ltr'><strong>seo.</strong></span> <span class='ocrx_word' id='word_1_190' title='bbox 2460 2749 2651 2810; x_wconf 71' lang='lat'><strong>⁴540.</strong></span> <span class='ocrx_word' id='word_1_191' title='bbox 2686 2783 2772 2800; x_wconf 82' lang='lat'><strong>-·</strong></span> <span class='ocrx_word' id='word_1_192' title='bbox 2816 2748 2953 2809; x_wconf 83' lang='lat' dir='ltr'><strong>Holl</strong></span> 
     </span>
     <span class='ocr_line' id='line_1_25' title="bbox 351 2851 832 2916; baseline 0 -3"><span class='ocrx_word' id='word_1_193' title='bbox 351 2852 441 2913; x_wconf 89' lang='lat' dir='ltr'><strong>Pl.</strong></span> <span class='ocrx_word' id='word_1_194' title='bbox 478 2851 711 2916; x_wconf 71' lang='lat' dir='ltr'><strong>Mader.</strong></span> <span class='ocrx_word' id='word_1_195' title='bbox 748 2886 832 2898; x_wconf 90' lang='lat'><strong>—-</strong></span> 
     </span>
    </p>

    <p class='ocr_par' dir='ltr' id='par_1_9' title="bbox 351 2953 2950 3123">
     <span class='ocr_line' id='line_1_26' title="bbox 521 2953 2950 3038; baseline -0.001 -20"><span class='ocrx_word' id='word_1_196' title='bbox 521 2955 700 3018; x_wconf 75' lang='lat' dir='ltr'><strong>Icon-</strong></span> <span class='ocrx_word' id='word_1_197' title='bbox 763 2956 879 3019; x_wconf 55' lang='lat' dir='ltr'><strong>Pac</strong></span> <span class='ocrx_word' id='word_1_198' title='bbox 896 2955 1064 3018; x_wconf 89' lang='lat' dir='ltr'><strong>Gen</strong></span> <span class='ocrx_word' id='word_1_199' title='bbox 1101 2954 1210 3017; x_wconf 88' lang='lat' dir='ltr'><strong>Fil.</strong></span> <span class='ocrx_word' id='word_1_200' title='bbox 1249 2955 1316 3016; x_wconf 84' lang='lat' dir='ltr'><strong>T.</strong></span> <span class='ocrx_word' id='word_1_201' title='bbox 1355 2956 1544 3018; x_wconf 87' lang='lat' dir='ltr'><strong>XXX.</strong></span> <span class='ocrx_word' id='word_1_202' title='bbox 1582 2956 1688 3038; x_wconf 83' lang='lat' dir='ltr'><strong>fig.</strong></span> <span class='ocrx_word' id='word_1_203' title='bbox 1730 2956 1790 3019; x_wconf 94' lang='grc'><strong>4.</strong></span> <span class='ocrx_word' id='word_1_204' title='bbox 1826 2957 2105 3038; x_wconf 77' lang='lat' dir='ltr'><strong>—Bcry</strong></span> <span class='ocrx_word' id='word_1_205' title='bbox 2134 2954 2241 3017; x_wconf 88' lang='lat' dir='ltr'><strong>Isl.</strong></span> <span class='ocrx_word' id='word_1_206' title='bbox 2279 2954 2425 3020; x_wconf 79' lang='lat' dir='ltr'><strong>fort.</strong></span> <span class='ocrx_word' id='word_1_207' title='bbox 2462 2963 2511 3017; x_wconf 89' lang='lat' dir='ltr'><strong>t.</strong></span> <span class='ocrx_word' id='word_1_208' title='bbox 2551 2959 2609 3018; x_wconf 91' lang='grc'><strong>6.</strong></span> <span class='ocrx_word' id='word_1_209' title='bbox 2654 2990 2729 3003; x_wconf 94' lang='grc'>-</span> <span class='ocrx_word' id='word_1_210' title='bbox 2769 2953 2950 3020; x_wconf 72' lang='lat' dir='ltr'><strong>Webb</strong></span> 
     </span>
     <span class='ocr_line' id='line_1_27' title="bbox 351 3058 1101 3123; baseline 0.003 -2"><span class='ocrx_word' id='word_1_211' title='bbox 351 3066 416 3121; x_wconf 81' lang='lat' dir='ltr'><strong>et</strong></span> <span class='ocrx_word' id='word_1_212' title='bbox 448 3058 928 3123; x_wconf 73' lang='lat' dir='ltr'><strong>Berthelt.v11.</strong></span> <span class='ocrx_word' id='word_1_213' title='bbox 1098 3085 1101 3086; x_wconf 43' lang='lat'><em>⁷</em></span> 
     </span>
    </p>
   </div>
   <div class='ocr_carea' id='block_1_6' title="bbox 351 3178 2945 3468">
    <p class='ocr_par' dir='ltr' id='par_1_10' title="bbox 351 3178 2945 3468">
     <span class='ocr_line' id='line_1_28' title="bbox 518 3178 2940 3263; baseline 0 -21"><span class='ocrx_word' id='word_1_214' title='bbox 518 3179 686 3242; x_wconf 75' lang='lat' dir='ltr'><strong>nab.</strong></span> <span class='ocrx_word' id='word_1_215' title='bbox 752 3180 821 3241; x_wconf 87' lang='lat' dir='ltr'><strong>In</strong></span> <span class='ocrx_word' id='word_1_216' title='bbox 867 3178 1093 3242; x_wconf 89' lang='lat' dir='ltr'><strong>insulis</strong></span> <span class='ocrx_word' id='word_1_217' title='bbox 1137 3179 1648 3244; x_wconf 87' lang='lat' dir='ltr'><strong>canariensibus:</strong></span> <span class='ocrx_word' id='word_1_218' title='bbox 1696 3182 2042 3263; x_wconf 85' lang='lat' dir='ltr'><strong>Teneriffa,</strong></span> <span class='ocrx_word' id='word_1_219' title='bbox 2095 3183 2393 3263; x_wconf 77' lang='lat' dir='ltr'><strong>Gomara,</strong></span> <span class='ocrx_word' id='word_1_220' title='bbox 2443 3184 2662 3262; x_wconf 89' lang='lat' dir='ltr'><strong>Ferro,</strong></span> <span class='ocrx_word' id='word_1_221' title='bbox 2710 3182 2940 3257; x_wconf 83' lang='lat' dir='ltr'><strong>Palma,</strong></span> 
     </span>
     <span class='ocr_line' id='line_1_29' title="bbox 352 3281 2945 3367; baseline 0 -21"><span class='ocrx_word' id='word_1_222' title='bbox 352 3284 568 3346; x_wconf 89' lang='lat' dir='ltr'><strong>Gran-</strong></span> <span class='ocrx_word' id='word_1_223' title='bbox 600 3281 889 3364; x_wconf 80' lang='lat' dir='ltr'><strong>Canaria,</strong></span> <span class='ocrx_word' id='word_1_224' title='bbox 926 3282 1222 3362; x_wconf 84' lang='lat' dir='ltr'><strong>Madeira,</strong></span> <span class='ocrx_word' id='word_1_225' title='bbox 1261 3281 1341 3345; x_wconf 89' lang='lat' dir='ltr'><strong>ad</strong></span> <span class='ocrx_word' id='word_1_226' title='bbox 1384 3284 1767 3347; x_wconf 81' lang='lat' dir='ltr'><strong>convallium</strong></span> <span class='ocrx_word' id='word_1_227' title='bbox 1799 3305 1991 3367; x_wconf 88' lang='lat' dir='ltr'><strong>rupes</strong></span> <span class='ocrx_word' id='word_1_228' title='bbox 2021 3288 2358 3352; x_wconf 89' lang='lat' dir='ltr'><strong>umbrosas</strong></span> <span class='ocrx_word' id='word_1_229' title='bbox 2388 3288 2454 3351; x_wconf 90' lang='lat' dir='ltr'><strong>in</strong></span> <span class='ocrx_word' id='word_1_230' title='bbox 2487 3295 2653 3351; x_wconf 85' lang='lat' dir='ltr'><strong>terra</strong></span> <span class='ocrx_word' id='word_1_231' title='bbox 2679 3288 2945 3349; x_wconf 82' lang='lat' dir='ltr'><strong>humosa</strong></span> 
     </span>
     <span class='ocr_line' id='line_1_30' title="bbox 351 3386 2424 3468; baseline 0.004 -21"><span class='ocrx_word' id='word_1_232' title='bbox 351 3386 625 3468; x_wconf 81' lang='lat' dir='ltr'><strong>regionis</strong></span> <span class='ocrx_word' id='word_1_233' title='bbox 656 3386 1173 3468; x_wconf 80' lang='lat' dir='ltr'><strong>sempervirentis</strong></span> <span class='ocrx_word' id='word_1_234' title='bbox 1205 3404 1347 3448; x_wconf 87' lang='lat' dir='ltr'><strong>cum</strong></span> <span class='ocrx_word' id='word_1_235' title='bbox 1381 3390 1603 3468; x_wconf 85' lang='lat' dir='ltr'><strong>Lauro,</strong></span> <span class='ocrx_word' id='word_1_236' title='bbox 1645 3387 1915 3453; x_wconf 86' lang='lat' dir='ltr'><strong>Adianto</strong></span> <span class='ocrx_word' id='word_1_237' title='bbox 1948 3392 2264 3453; x_wconf 81' lang='lat' dir='ltr'><strong>reniformi</strong></span> <span class='ocrx_word' id='word_1_238' title='bbox 2299 3403 2424 3455; x_wconf 88' lang='lat' dir='ltr'><strong>etc.</strong></span> 
     </span>
    </p>
   </div>
   <div class='ocr_carea' id='block_1_7' title="bbox 330 3489 2953 4835">
    <p class='ocr_par' dir='ltr' id='par_1_11' title="bbox 348 3489 2946 3799">
     <span class='ocr_line' id='line_1_31' title="bbox 525 3489 2946 3596; baseline -0 -26"><span class='ocrx_word' id='word_1_239' title='bbox 525 3507 885 3590; x_wconf 88' lang='lat' dir='ltr'><strong>Specimina</strong></span> <span class='ocrx_word' id='word_1_240' title='bbox 909 3509 1180 3571; x_wconf 84' lang='lat' dir='ltr'><strong>maxima</strong></span> <span class='ocrx_word' id='word_1_241' title='bbox 1218 3505 1359 3592; x_wconf 52' lang='lat'><strong>(24³¹</strong></span> <span class='ocrx_word' id='word_1_242' title='bbox 1396 3489 1556 3572; x_wconf 85' lang='lat' dir='ltr'><strong>teste</strong></span> <span class='ocrx_word' id='word_1_243' title='bbox 1589 3510 1819 3589; x_wconf 71' lang='lat' dir='ltr'><strong>Laws),</strong></span> <span class='ocrx_word' id='word_1_244' title='bbox 1862 3507 1983 3572; x_wconf 86' lang='grc'><strong>42”</strong></span> <span class='ocrx_word' id='word_1_245' title='bbox 2008 3511 2189 3596; x_wconf 80' lang='lat' dir='ltr'><strong>longa</strong></span> <span class='ocrx_word' id='word_1_246' title='bbox 2222 3521 2285 3573; x_wconf 90' lang='lat' dir='ltr'><strong>et</strong></span> <span class='ocrx_word' id='word_1_247' title='bbox 2316 3508 2446 3595; x_wconf 49' lang='lat' dir='ltr'><strong>221st</strong></span> <span class='ocrx_word' id='word_1_248' title='bbox 2475 3512 2625 3589; x_wconf 81' lang='lat' dir='ltr'><strong>lata,</strong></span> <span class='ocrx_word' id='word_1_249' title='bbox 2668 3509 2745 3571; x_wconf 91' lang='grc'><strong>46</strong></span> <span class='ocrx_word' id='word_1_250' title='bbox 2771 3510 2946 3594; x_wconf 86' lang='lat' dir='ltr'><strong>paria</strong></span> 
     </span>
     <span class='ocr_line' id='line_1_32' title="bbox 348 3610 2943 3698; baseline 0 -25"><span class='ocrx_word' id='word_1_251' title='bbox 348 3611 723 3675; x_wconf 89' lang='lat' dir='ltr'><strong>laciniarum</strong></span> <span class='ocrx_word' id='word_1_252' title='bbox 754 3610 1103 3696; x_wconf 87' lang='lat' dir='ltr'><strong>possident,</strong></span> <span class='ocrx_word' id='word_1_253' title='bbox 1142 3627 1305 3695; x_wconf 88' lang='lat' dir='ltr'><strong>quae</strong></span> <span class='ocrx_word' id='word_1_254' title='bbox 1337 3630 1464 3673; x_wconf 90' lang='lat' dir='ltr'><strong>non</strong></span> <span class='ocrx_word' id='word_1_255' title='bbox 1494 3629 1635 3675; x_wconf 89' lang='lat' dir='ltr'><strong>raro</strong></span> <span class='ocrx_word' id='word_1_256' title='bbox 1667 3621 1908 3691; x_wconf 87' lang='lat' dir='ltr'><strong>acutae,</strong></span> <span class='ocrx_word' id='word_1_257' title='bbox 1950 3632 2276 3698; x_wconf 87' lang='lat' dir='ltr'><strong>nunquam</strong></span> <span class='ocrx_word' id='word_1_258' title='bbox 2310 3614 2595 3693; x_wconf 84' lang='lat' dir='ltr'><strong>margine</strong></span> <span class='ocrx_word' id='word_1_259' title='bbox 2626 3621 2943 3691; x_wconf 88' lang='lat' dir='ltr'><strong>crenatae,</strong></span> 
     </span>
     <span class='ocr_line' id='line_1_33' title="bbox 350 3714 2231 3799; baseline -0.001 -20"><span class='ocrx_word' id='word_1_260' title='bbox 350 3716 467 3779; x_wconf 91' lang='lat' dir='ltr'><strong>sed</strong></span> <span class='ocrx_word' id='word_1_261' title='bbox 497 3715 641 3781; x_wconf 88' lang='lat' dir='ltr'><strong>basi</strong></span> <span class='ocrx_word' id='word_1_262' title='bbox 670 3718 996 3799; x_wconf 87' lang='lat' dir='ltr'><strong>superiore</strong></span> <span class='ocrx_word' id='word_1_263' title='bbox 1027 3714 1347 3777; x_wconf 89' lang='lat' dir='ltr'><strong>interdum</strong></span> <span class='ocrx_word' id='word_1_264' title='bbox 1380 3716 1769 3778; x_wconf 88' lang='lat' dir='ltr'><strong>auriculatae</strong></span> <span class='ocrx_word' id='word_1_265' title='bbox 1801 3715 2231 3780; x_wconf 85' lang='lat' dir='ltr'><strong>inveniuntur.</strong></span> 
     </span>
    </p>

    <p class='ocr_par' dir='ltr' id='par_1_12' title="bbox 346 3816 2953 4213">
     <span class='ocr_line' id='line_1_34' title="bbox 520 3816 2953 3903; baseline 0 -23"><span class='ocrx_word' id='word_1_266' title='bbox 520 3816 967 3883; x_wconf 87' lang='lat' dir='ltr'><strong>Anastomoses</strong></span> <span class='ocrx_word' id='word_1_267' title='bbox 1013 3820 1382 3883; x_wconf 88' lang='lat' dir='ltr'><strong>laciniarum</strong></span> <span class='ocrx_word' id='word_1_268' title='bbox 1426 3819 1621 3883; x_wconf 90' lang='lat' dir='ltr'><strong>multo</strong></span> <span class='ocrx_word' id='word_1_269' title='bbox 1666 3824 2167 3901; x_wconf 83' lang='lat' dir='ltr'><strong>numerosioreS,</strong></span> <span class='ocrx_word' id='word_1_270' title='bbox 2221 3840 2412 3903; x_wconf 89' lang='lat' dir='ltr'><strong>saepe</strong></span> <span class='ocrx_word' id='word_1_271' title='bbox 2456 3830 2583 3884; x_wconf 90' lang='lat' dir='ltr'><strong>tres</strong></span> <span class='ocrx_word' id='word_1_272' title='bbox 2616 3822 2815 3884; x_wconf 90' lang='lat' dir='ltr'><strong>series</strong></span> <span class='ocrx_word' id='word_1_273' title='bbox 2848 3818 2953 3881; x_wconf 80' lang='lat' dir='ltr'><strong>ef-</strong></span> 
     </span>
     <span class='ocr_line' id='line_1_35' title="bbox 348 3911 2945 4006; baseline -0 -24"><span class='ocrx_word' id='word_1_274' title='bbox 348 3911 719 4001; x_wconf 76' lang='lat' dir='ltr'><strong>formante3‚</strong></span> <span class='ocrx_word' id='word_1_275' title='bbox 760 3922 978 4006; x_wconf 88' lang='lat' dir='ltr'><strong>paleae</strong></span> <span class='ocrx_word' id='word_1_276' title='bbox 1011 3921 1339 3985; x_wconf 88' lang='lat' dir='ltr'><strong>densiores</strong></span> <span class='ocrx_word' id='word_1_277' title='bbox 1371 3935 1433 3986; x_wconf 84' lang='lat' dir='ltr'><strong>et</strong></span> <span class='ocrx_word' id='word_1_278' title='bbox 1464 3925 1712 4005; x_wconf 82' lang='lat' dir='ltr'><strong>longius</strong></span> <span class='ocrx_word' id='word_1_279' title='bbox 1745 3923 2070 3988; x_wconf 85' lang='lat' dir='ltr'><strong>dentatae.</strong></span> <span class='ocrx_word' id='word_1_280' title='bbox 2137 3925 2598 3998; x_wconf 86' lang='lat' dir='ltr'><strong>Inveniuntur</strong></span> <span class='ocrx_word' id='word_1_281' title='bbox 2582 3944 2648 3985; x_wconf 86' lang='lat' dir='ltr'><strong>ln</strong></span> <span class='ocrx_word' id='word_1_282' title='bbox 2678 3922 2945 3986; x_wconf 83' lang='lat' dir='ltr'><strong>Madeira</strong></span> 
     </span>
     <span class='ocr_line' id='line_1_36' title="bbox 349 4025 2950 4114; baseline 0.001 -28"><span class='ocrx_word' id='word_1_283' title='bbox 349 4035 413 4087; x_wconf 91' lang='lat' dir='ltr'><strong>et</strong></span> <span class='ocrx_word' id='word_1_284' title='bbox 443 4025 751 4089; x_wconf 85' lang='lat' dir='ltr'><strong>Teneriffa</strong></span> <span class='ocrx_word' id='word_1_285' title='bbox 786 4028 1131 4109; x_wconf 85' lang='lat' dir='ltr'><strong>specimina</strong></span> <span class='ocrx_word' id='word_1_286' title='bbox 1164 4025 1486 4090; x_wconf 75' lang='lat' dir='ltr'><strong>fructifera</strong></span> <span class='ocrx_word' id='word_1_287' title='bbox 1522 4025 1603 4090; x_wconf 88' lang='lat'><strong>3&#39;‘</strong></span> <span class='ocrx_word' id='word_1_288' title='bbox 1635 4029 1820 4109; x_wconf 82' lang='lat' dir='ltr'><strong>longa</strong></span> <span class='ocrx_word' id='word_1_289' title='bbox 1853 4038 1917 4092; x_wconf 87' lang='lat' dir='ltr'><strong>et</strong></span> <span class='ocrx_word' id='word_1_290' title='bbox 1946 4026 2050 4091; x_wconf 86' lang='lat'><em>7&#39;&#39;&#39;</em></span> <span class='ocrx_word' id='word_1_291' title='bbox 2083 4030 2246 4111; x_wconf 87' lang='lat' dir='ltr'><strong>lata,</strong></span> <span class='ocrx_word' id='word_1_292' title='bbox 2269 4048 2431 4112; x_wconf 89' lang='lat' dir='ltr'><strong>quae</strong></span> <span class='ocrx_word' id='word_1_293' title='bbox 2455 4048 2488 4100; x_wconf 86' lang='lat' dir='ltr'><strong>a</strong></span> <span class='ocrx_word' id='word_1_294' title='bbox 2515 4029 2724 4114; x_wconf 89' lang='lat' dir='ltr'><strong>specie</strong></span> <span class='ocrx_word' id='word_1_295' title='bbox 2756 4047 2950 4109; x_wconf 84' lang='lat' dir='ltr'><strong>prae-</strong></span> 
     </span>
     <span class='ocr_line' id='line_1_37' title="bbox 346 4127 1904 4213; baseline 0.003 -23"><span class='ocrx_word' id='word_1_296' title='bbox 346 4128 618 4191; x_wconf 85' lang='lat' dir='ltr'><strong>cedente</strong></span> <span class='ocrx_word' id='word_1_297' title='bbox 650 4127 1042 4194; x_wconf 88' lang='lat' dir='ltr'><strong>solummodo</strong></span> <span class='ocrx_word' id='word_1_298' title='bbox 1071 4130 1272 4212; x_wconf 89' lang='lat' dir='ltr'><strong>paleis</strong></span> <span class='ocrx_word' id='word_1_299' title='bbox 1304 4129 1583 4211; x_wconf 78' lang='lat' dir='ltr'><strong>dignosci</strong></span> <span class='ocrx_word' id='word_1_300' title='bbox 1617 4141 1904 4213; x_wconf 82' lang='lat' dir='ltr'><strong>possunt.</strong></span> 
     </span>
    </p>

    <p class='ocr_par' dir='ltr' id='par_1_13' title="bbox 330 4233 2951 4730">
     <span class='ocr_line' id='line_1_38' title="bbox 520 4233 2949 4317; baseline -0.001 -22"><span class='ocrx_word' id='word_1_301' title='bbox 520 4233 669 4299; x_wconf 68' lang='lat' dir='ltr'><strong>Oba.</strong></span> <span class='ocrx_word' id='word_1_302' title='bbox 760 4235 1117 4317; x_wconf 73' lang='lat' dir='ltr'><strong>specimina</strong></span> <span class='ocrx_word' id='word_1_303' title='bbox 1173 4235 1239 4295; x_wconf 90' lang='lat' dir='ltr'><strong>in</strong></span> <span class='ocrx_word' id='word_1_304' title='bbox 1286 4235 1596 4296; x_wconf 80' lang='lat' dir='ltr'><strong>&#39;reneriffa</strong></span> <span class='ocrx_word' id='word_1_305' title='bbox 1655 4233 1738 4298; x_wconf 86' lang='lat' dir='ltr'><strong>ad</strong></span> <span class='ocrx_word' id='word_1_306' title='bbox 1793 4236 1982 4301; x_wconf 74' lang='lat'><strong>4000&#39;</strong></span> <span class='ocrx_word' id='word_1_307' title='bbox 2043 4236 2300 4299; x_wconf 84' lang='lat' dir='ltr'><strong>collecta</strong></span> <span class='ocrx_word' id='word_1_308' title='bbox 2354 4237 2596 4299; x_wconf 88' lang='lat' dir='ltr'><strong>formae</strong></span> <span class='ocrx_word' id='word_1_309' title='bbox 2648 4234 2949 4296; x_wconf 83' lang='lat' dir='ltr'><strong>normalis</strong></span> 
     </span>
     <span class='ocr_line' id='line_1_39' title="bbox 343 4324 2945 4422; baseline -0.001 -24"><span class='ocrx_word' id='word_1_310' title='bbox 343 4335 416 4398; x_wconf 80' lang='lat' dir='ltr'><strong>G.</strong></span> <span class='ocrx_word' id='word_1_311' title='bbox 456 4334 850 4400; x_wconf 80' lang='lat' dir='ltr'><strong>officinarum</strong></span> <span class='ocrx_word' id='word_1_312' title='bbox 894 4338 1001 4400; x_wconf 74' lang='lat' dir='ltr'><strong>vix</strong></span> <span class='ocrx_word' id='word_1_313' title='bbox 1032 4334 1117 4399; x_wconf 83' lang='grc'><strong>3”</strong></span> <span class='ocrx_word' id='word_1_314' title='bbox 1149 4337 1271 4400; x_wconf 89' lang='lat' dir='ltr'><strong>alta</strong></span> <span class='ocrx_word' id='word_1_315' title='bbox 1306 4324 1460 4419; x_wconf 73' lang='lat' dir='ltr'><strong>vffli,</strong></span> <span class='ocrx_word' id='word_1_316' title='bbox 1499 4356 1662 4419; x_wconf 87' lang='lat' dir='ltr'><strong>quae</strong></span> <span class='ocrx_word' id='word_1_317' title='bbox 1697 4340 1839 4401; x_wconf 89' lang='lat' dir='ltr'><strong>illas</strong></span> <span class='ocrx_word' id='word_1_318' title='bbox 1873 4340 2058 4402; x_wconf 89' lang='lat' dir='ltr'><strong>strias</strong></span> <span class='ocrx_word' id='word_1_319' title='bbox 2091 4342 2153 4401; x_wconf 90' lang='lat' dir='ltr'><strong>in</strong></span> <span class='ocrx_word' id='word_1_320' title='bbox 2188 4339 2433 4403; x_wconf 76' lang='lat' dir='ltr'><strong>cellulis</strong></span> <span class='ocrx_word' id='word_1_321' title='bbox 2464 4340 2792 4422; x_wconf 86' lang='lat' dir='ltr'><strong>palearum</strong></span> <span class='ocrx_word' id='word_1_322' title='bbox 2823 4345 2945 4397; x_wconf 86' lang='lat' dir='ltr'><strong>non</strong></span> 
     </span>
     <span class='ocr_line' id='line_1_40' title="bbox 339 4437 2942 4523; baseline 0 -24"><span class='ocrx_word' id='word_1_323' title='bbox 339 4457 490 4501; x_wconf 83' lang='lat' dir='ltr'><strong>raro</strong></span> <span class='ocrx_word' id='word_1_324' title='bbox 520 4439 937 4521; x_wconf 78' lang='lat' dir='ltr'><strong>possidebant</strong></span> <span class='ocrx_word' id='word_1_325' title='bbox 967 4452 1029 4505; x_wconf 93' lang='lat' dir='ltr'><strong>et</strong></span> <span class='ocrx_word' id='word_1_326' title='bbox 1059 4442 1183 4504; x_wconf 86' lang='lat' dir='ltr'><strong>alia</strong></span> <span class='ocrx_word' id='word_1_327' title='bbox 1215 4444 1561 4523; x_wconf 80' lang='lat' dir='ltr'><strong>specimina</strong></span> <span class='ocrx_word' id='word_1_328' title='bbox 1593 4443 1723 4505; x_wconf 74' lang='lat' dir='ltr'><strong>fere</strong></span> <span class='ocrx_word' id='word_1_329' title='bbox 1757 4439 1837 4504; x_wconf 72' lang='lat'><strong>6⁰</strong></span> <span class='ocrx_word' id='word_1_330' title='bbox 1871 4443 2034 4523; x_wconf 88' lang='lat' dir='ltr'><strong>alta,</strong></span> <span class='ocrx_word' id='word_1_331' title='bbox 2089 4443 2312 4505; x_wconf 85' lang='lat' dir='ltr'><strong>habitu</strong></span> <span class='ocrx_word' id='word_1_332' title='bbox 2365 4444 2433 4505; x_wconf 87' lang='lat' dir='ltr'><strong>C.</strong></span> <span class='ocrx_word' id='word_1_333' title='bbox 2475 4458 2663 4504; x_wconf 88' lang='lat' dir='ltr'><strong>aureo</strong></span> <span class='ocrx_word' id='word_1_334' title='bbox 2682 4437 2942 4516; x_wconf 76' lang='lat' dir='ltr'><strong>similia,</strong></span> 
     </span>
     <span class='ocr_line' id='line_1_41' title="bbox 337 4542 2951 4632; baseline 0 -27"><span class='ocrx_word' id='word_1_335' title='bbox 337 4561 510 4624; x_wconf 86' lang='lat' dir='ltr'><strong>quae</strong></span> <span class='ocrx_word' id='word_1_336' title='bbox 555 4543 684 4606; x_wconf 89' lang='lat' dir='ltr'><strong>illis</strong></span> <span class='ocrx_word' id='word_1_337' title='bbox 729 4546 984 4609; x_wconf 88' lang='lat' dir='ltr'><strong>omnino</strong></span> <span class='ocrx_word' id='word_1_338' title='bbox 1026 4545 1348 4609; x_wconf 87' lang='lat' dir='ltr'><strong>carebant.</strong></span> <span class='ocrx_word' id='word_1_339' title='bbox 1414 4547 1581 4612; x_wconf 74' lang='lat' dir='ltr'><strong>Certi</strong></span> <span class='ocrx_word' id='word_1_340' title='bbox 1628 4547 1789 4609; x_wconf 83' lang='lat' dir='ltr'><strong>fines</strong></span> <span class='ocrx_word' id='word_1_341' title='bbox 1834 4548 2004 4609; x_wconf 85' lang='lat' dir='ltr'><strong>inter</strong></span> <span class='ocrx_word' id='word_1_342' title='bbox 2031 4553 2376 4632; x_wconf 85' lang='lat' dir='ltr'><strong>utrumque</strong></span> <span class='ocrx_word' id='word_1_343' title='bbox 2406 4543 2579 4607; x_wconf 88' lang='lat' dir='ltr'><strong>nullo</strong></span> <span class='ocrx_word' id='word_1_344' title='bbox 2609 4542 2797 4607; x_wconf 89' lang='lat' dir='ltr'><strong>modo</strong></span> <span class='ocrx_word' id='word_1_345' title='bbox 2827 4545 2951 4606; x_wconf 82' lang='lat' dir='ltr'><strong>ob·-</strong></span> 
     </span>
     <span class='ocr_line' id='line_1_42' title="bbox 330 4646 1977 4730; baseline 0.003 -22"><span class='ocrx_word' id='word_1_346' title='bbox 330 4657 708 4728; x_wconf 66' lang='lat' dir='ltr'><strong>servamur,</strong></span> <span class='ocrx_word' id='word_1_347' title='bbox 746 4646 816 4709; x_wconf 65' lang='lat' dir='ltr'><strong>iad</strong></span> <span class='ocrx_word' id='word_1_348' title='bbox 847 4649 1021 4730; x_wconf 73' lang='lat' dir='ltr'><strong>quod</strong></span> <span class='ocrx_word' id='word_1_349' title='bbox 1046 4667 1221 4712; x_wconf 77' lang='lat' dir='ltr'><strong>nuno</strong></span> <span class='ocrx_word' id='word_1_350' title='bbox 1251 4651 1439 4712; x_wconf 81' lang='lat' dir='ltr'><strong>etiam</strong></span> <span class='ocrx_word' id='word_1_351' title='bbox 1469 4652 1652 4716; x_wconf 79' lang='lat' dir='ltr'><strong>Lowc</strong></span> <span class='ocrx_word' id='word_1_352' title='bbox 1680 4650 1977 4713; x_wconf 73' lang='lat' dir='ltr'><strong>affirmat.</strong></span> 
     </span>
    </p>

    <p class='ocr_par' dir='ltr' id='par_1_14' title="bbox 517 4751 2952 4835">
     <span class='ocr_line' id='line_1_43' title="bbox 517 4751 2952 4835; baseline 0.001 -22"><span class='ocrx_word' id='word_1_353' title='bbox 517 4751 881 4833; x_wconf 85' lang='lat' dir='ltr'><strong>Specimina</strong></span> <span class='ocrx_word' id='word_1_354' title='bbox 931 4751 1010 4815; x_wconf 88' lang='lat'><strong>8&#39;&#39;</strong></span> <span class='ocrx_word' id='word_1_355' title='bbox 1056 4753 1240 4835; x_wconf 80' lang='lat' dir='ltr'><strong>longa</strong></span> <span class='ocrx_word' id='word_1_356' title='bbox 1285 4752 1592 4817; x_wconf 85' lang='lat' dir='ltr'><strong>Caterach</strong></span> <span class='ocrx_word' id='word_1_357' title='bbox 1638 4754 2037 4819; x_wconf 64' lang='lat' dir='ltr'><strong>officinarum</strong></span> <span class='ocrx_word' id='word_1_358' title='bbox 2060 4772 2146 4819; x_wconf 62' lang='lat' dir='ltr'><strong>‘cx</strong></span> <span class='ocrx_word' id='word_1_359' title='bbox 2177 4754 2359 4824; x_wconf 76' lang='lat' dir='ltr'><strong>Italia</strong></span> <span class='ocrx_word' id='word_1_360' title='bbox 2388 4751 2521 4817; x_wconf 73' lang='lat' dir='ltr'><strong>vidi</strong></span> <span class='ocrx_word' id='word_1_361' title='bbox 2559 4753 2808 4818; x_wconf 81' lang='lat' dir='ltr'><strong>laciniis</strong></span> <span class='ocrx_word' id='word_1_362' title='bbox 2839 4769 2952 4815; x_wconf 79' lang='lat' dir='ltr'><strong>ro·-</strong></span> 
     </span>
    </p>
   </div>
  </div>
 </body>
</html>
