3509 5267
512 247 591 307 10
784 303 795 310 ,
1528 250 2081 325 Hymenophylleae.

679 417 925 469 Adnot.
990 419 1183 470 Filices
1222 419 1526 469 exsiccatas
1562 419 1990 480 examinaturus,
2034 417 2299 469 methodo
2341 417 2528 470 adhuc
2565 404 2701 471 usus
2740 432 2885 483 sum,
2938 433 3108 487 quam

507 504 765 556 omnibus
802 505 1075 556 tironibus
1113 504 1498 556 commendare
1541 503 1734 556 debeo,
1825 506 2206 569 Fragmentum
2253 504 2490 556 laminae
2536 505 2919 569 compluribus
2963 510 3107 562 soris

507 593 767 642 onustum
793 593 846 641 in
876 605 1020 656 aqua
1053 592 1229 643 calida
1266 593 1578 659 deponitur,
1620 605 1800 657 usque
1837 605 1903 643 eo
1941 591 2072 644 dum
2110 591 2385 643 emollitur
2411 595 2464 642 et
2491 591 2822 644 reviviscere
2848 595 3100 657 videtum

505 678 560 727 id
601 677 747 741 quod
788 678 1078 729 celerrime
1118 680 1447 744 assequeris,
1498 678 1631 729 illud
1660 678 2027 742 fragmentum
2064 677 2327 732 nonnulla
2371 680 2646 729 momenta
2691 681 2833 731 inter
2872 680 3105 734 laminas

506 764 645 814 duas
668 765 954 815 vitreasin
983 779 1124 831 aqua
1151 765 1457 831 coquendo.
1509 764 1729 816 Indusia
1757 766 1812 815 et
1830 753 2216 816 vestimentum
2244 766 2479 816 laminae
2503 766 2832 830 indusiique,
2868 767 3103 837 denique

507 853 753 903 nervatio
778 865 929 903 nunc
952 853 1327 918 pulcherrime
1351 847 1638 905 observari
1663 855 1910 917 possunt.

1602 1078 1903 1157 Subordo
1956 1079 2013 1156 Ι.

678 1253 1369 1335 nymenophyueae
1413 1254 1576 1336 Bory
1621 1255 1698 1316 in
1745 1254 1946 1316 Dict.
2000 1253 2246 1315 class,
2273 1256 2375 1316 vl.
2412 1288 2499 1301 —·
2541 1253 2719 1317 Endl.
2772 1254 2955 1316 Gen.
2989 1258 3094 1317 64.

512 1357 752 1440 (4838.)
823 1368 888 1417 et
941 1357 1166 1437 Suppl.
1216 1359 1259 1418 Ι.
1332 1358 1520 1419 4354.
1630 1357 1983 1438 Sporanyia
2041 1358 2277 1419 annulo
2338 1359 2621 1439 completo
2682 1358 2936 1439 obliquo
2996 1359 3098 1421 vel

501 1468 868 1522 transverso
923 1460 1228 1521 instructa
1284 1461 1443 1520 rima
1498 1458 1932 1539 longitudinali
1989 1459 2378 1524 dehiscentia
2423 1462 2868 1545 receptaculum
2920 1463 3099 1525 colu-

501 1565 855 1647 melliforme
884 1561 1261 1644 occupantia.
1342 1563 1575 1643 Sporae
1620 1561 1936 1625 tetraedro
1959 1598 2000 1610 -
2028 1565 2344 1646 globosae,
2396 1567 2562 1628 strit’s
2608 1566 2799 1629 tribus
2826 1574 3092 1629 notatae.

502 1669 638 1729 Sori
681 1667 1048 1729 terminales
1091 1667 1191 1734 vel
1240 1666 1479 1743 alares3
1534 1666 1845 1757 indusium
1877 1666 2140 1748 inferum
2173 1669 2551 1732 dimidiatum
2584 1670 2879 1732 lucinulae
2907 1670 3105 1751 fertili

501 1768 777 1854 aequa‘le,
815 1769 1128 1833 sacculum
1156 1770 1528 1833 urceolatum
1573 1789 1679 1830 ore
1712 1778 2072 1832 truncatum
2112 1771 2207 1831 vel
2242 1771 2704 1852 abbreviatum,
2746 1772 3097 1835 bilabiatum

471 1875 799 1936 'formans

670 1977 923 2038 Plantae
968 1976 1336 2056 herbaceae,
1385 1974 1841 2054 musciformes,
1896 1977 2386 2058 parenchymate
2427 1996 2509 2040 ex
2552 1980 2736 2041 unico
2785 1980 2826 2042 l.
2876 1981 3097 2060 paucis

499 2083 717 2145 stratis
749 2082 1112 2162 composite,
1154 2079 1534 2142 stomatibus
1565 2077 1695 2139 fere
1728 2098 1980 2163 semper
2010 2080 2338 2145 destituto.
2411 2082 2714 2144 Fasciculi
2747 2085 2925 2145 nervi
2958 2083 3095 2144 fer-

498 2187 625 2248 tilis
672 2188 737 2247 in
793 2185 1185 2274 columellam
1242 2184 1483 2244 intrant
1536 2189 1600 2242 et
1652 2201 1840 2265 saepe
1894 2205 2033 2247 eam
2085 2184 2633 2269 longitudinaliter
2682 2195 3090 2268 percurrunt.

498 2291 785 2353 Evolutio
818 2288 1292 2371 sporangiorum
1326 2305 1404 2347 ex
1435 2286 1612 2367 apice
1643 2286 1725 2349 ad
1758 2287 1941 2349 basin
1975 2290 2345 2353 columellae
2369 2289 2798 2372 progrediens,
2858 2292 3094 2370 Sporae

498 2396 924 2475 germinantes
957 2391 1364 2474 prothallium
1396 2375 1946 2469 confervoideums
1978 2394 2335 2456 antheridia
2369 2404 2433 2455 et
2464 2395 2838 2475 archegonia
2869 2412 3094 2475 gerens

497 2506 867 2580 procreaut3
934 2504 1150 2576 postea
1196 2495 1299 2555 hic
1343 2494 1471 2554 illic
1516 2477 1751 2555 thallus
1794 2493 2092 2559 foliaceus
2140 2497 2390 2575 existit3
2457 2499 2522 2558 in
2577 2499 2759 2577 quus
2809 2497 3093 2578 margine

498 2601 825 2683 pulvinato
871 2597 1223 2662 antheridia
1270 2616 1416 2659 cum
1461 2599 1854 2678 archegoniis
1881 2600 2212 2677 criuntur.
2323 2599 2696 2682 (Menenium
2774 2592 2946 2663 Uber
2989 2599 3094 2662 die

496 2703 1161 2786 Hymenopbyllaceae.
1213 2699 1387 2763 Band
1404 2703 1530 2764 VII.
1568 2701 1774 2764 N0.II.
1827 2700 1872 2785 (4
1892 2704 2064 2781 864.)
2102 2701 2374 2785 Abhdlg.
2414 2704 2845 2787 math-phys
2884 2706 3085 2770 Class.

497 2807 562 2869 k'.
602 2809 811 2869 sachs.
830 2819 835 2825 ·
854 2805 1199 2868 Gesellsch.
1237 2804 1710 2883 Wissenschft.)

665 2909 1137 2975 laTrichenanes
1168 2913 1238 2972 L.
1282 2910 1471 2973 4742.
1508 2910 1634 2971 Sm.
1673 2943 1760 2955 --
1799 2909 1987 2972 Hoolc.
2036 2912 2220 2973 Gen.
2271 2912 2402 2973 Fil.
2456 2912 2620 2973 tab.
2675 2914 2780 2973 34.
2842 2910 3083 2993 (4842.)

495 3016 839 3095 Sporangia
881 3014 1147 3093 sessilia‚
1201 3016 1545 3097 turbinata,
1585 3014 1816 3078 annulo
1848 3023 2209 3076 transverso
2240 3016 2569 3092 instructa,
2610 3016 2768 3076 rima
2802 3014 3092 3096 longitu-

493 3117 685 3180 dinali
740 3118 983 3179 laterali
1044 3116 1465 3199 dehiscentia,
1531 3117 1999 3200 paraphysibus
2062 3117 2404 3197 destituta,
2468 3116 2649 3181 basin
2713 3118 3091 3199 receptaculi

493 3221 1030 3285 columelliformis
1088 3222 1270 3301 apice
1327 3222 1483 3284 nudi
1541 3222 1934 3304 occupantia.
2057 3221 2198 3283 Scri
2252 3223 2487 3301 alares,
2548 3222 2613 3283 in
2671 3239 2866 3283 nervo
2922 3222 3090 3286 ultra

492 3327 789 3388 laminam
820 3326 885 3387 in
918 3325 1313 3387 columellam
1347 3336 1618 3404 exserte,
1670 3323 1751 3387 ad
1783 3325 1970 3387 basin
2013 3325 2379 3388 columellae
2426 3325 2698 3386 ramulos
2731 3325 3083 3408 emittente,

490 3430 807 3511 margines
838 3429 1206 3491 laciniarum
1240 3429 1538 3492 fertilium
1572 3437 1966 3491 exsertarum
2001 3432 2396 3507 comitantes,
2429 3428 2525 3489 vel
2551 3429 2709 3491 fines
2735 3429 2902 3492 inter
2925 3431 3092 3492 laci-

491 3537 631 3596 nias
676 3532 934 3614 fertiles,
991 3542 1294 3598 connatas
1327 3533 1731 3598 definientes
1813 3532 2136 3597 Indusium
2169 3533 2439 3596 inferum
2472 3529 2893 3610 dimidiatum,
2944 3553 3085 3596 cum

489 3637 680 3710 ramis
712 3636 1081 3710 lateralibus
1115 3640 1296 3701 nervi
1327 3638 1551 3701 fertilis
1583 3649 1646 3700 et
1677 3656 1793 3719 per
1814 3644 2004 3698 totam
2039 3635 2493 3717 longitudinem
2528 3655 2608 3698 ex
2641 3638 2865 3698 lacinia
2900 3635 3085 3699 fertili

490 3741 848 3813 formatum,
895 3742 1215 3801 sacculum
1249 3741 1742 3820 cyathiformem‚
1798 3757 1905 3799 ore
1937 3746 2299 3799 truncatum
2336 3737 2431 3798 vel
2481 3738 2767 3801 breviter
2813 3740 3087 3802 bilabia-

490 3850 625 3905 tum
660 3842 916 3902 sistenS.
989 3820 1258 3903 Petiolus
1291 3843 1616 3903 rbizomati
1647 3844 2021 3920 continuus;
2075 3842 2304 3903 lamina
2337 3843 2713 3905 stomatibus
2753 3841 3084 3906 destituta.

666 3945 726 4007 1.
792 3946 864 4007 T.
923 3947 1274 4024 speciosum
1332 3944 1538 4009 Willd.
1604 3946 1726 4027 Sp.
1797 3948 1895 4008 Pl.
1947 3947 2020 4009 V.
2077 3966 2143 4027 p.
2195 3948 2340 4009 5⁴4.
2415 3945 2653 4030 (4840.)
2721 3955 2800 4008 et
2849 3947 3078 4010 Herb.

490 4051 601 4113 No.
641 4050 875 4112 20245.
914 4047 958 4109 f.
990 4067 1044 4109 S.
1078 4068 1134 4109 ο.
2547 4029 2564 4046 ’

665 4155 816 4232 Syn.
897 4154 968 4215 T.
1003 4154 1389 4215 brevisetum
1420 4156 1492 4215 R.
1532 4155 1639 4218 Br.
1677 4190 1762 4203 -—
1809 4158 1877 4217 T.
1929 4156 2168 4217 alatum
2213 4151 2403 4216 Hook.
2450 4186 2533 4198 -—
2581 4154 2650 4214 T.
2701 4173 3082 4236 europaeum

490 4260 618 4322 Sm.
660 4291 737 4304 —-
783 4259 852 4319 T.
893 4257 1288 4319 hibernicum
1334 4259 1480 4340 Spr.
1526 4294 1612 4308 --
1666 4262 1735 4321 T.
1784 4258 2097 4323 scandens
2139 4257 2352 4321 Hedw.
2389 4291 2473 4302 —-
2518 4258 3084 4342 Hymenophyllum

368 4355 372 4359 Δ
489 4372 775 4442 rupestre
805 4361 1025 4425 Raddi.
1062 4397 1147 4408 —
1192 4365 1264 4425 H.
1303 4364 1538 4427 alatum
1572 4364 1702 4426 Sm.
1743 4399 1818 4410 —
1852 4356 2397 4445 Didymogl'ossum
2430 4366 2667 4427 alatum
2698 4365 2879 4426 Desv.
2918 4372 3083 4426 teste

488 4463 742 4529 Hoolcer.
795 4501 877 4512 -
931 4468 999 4529 T.
1039 4466 1331 4531 radicans
1380 4468 1509 4529 Sw.
1564 4467 1744 4529 mult.
1798 4476 1929 4529 aut.
1965 4468 2154 4533 Hoolc.
2207 4472 2307 4532 Br.
2355 4468 2400 4530 f.
2438 4477 2486 4530 t.
2528 4469 2761 4532 42.--
2822 4469 2891 4528 T.
2940 4464 3083 4529 An—

488 4569 745 4632 drewsii
774 4570 1010 4633 Newm.
2675 4652 2683 4658 .

658 4674 947 4738 Rhizoma
990 4670 1172 4755 longe
1219 4691 1447 4755 repens
1497 4681 1885 4739 tomentosum
1936 4674 2103 4738 foliis
2153 4676 2478 4738 laxissime
2535 4673 2801 4737 distiche
2853 4673 3080 4756 dispo·
3119 4701 3128 4712 ·

486 4780 624 4842 sitis
658 4779 988 4842 vestitum.
1057 4775 1328 4853 Petiolus
1361 4780 1399 4844 2
1421 4776 1626 4866 —74''
1660 4780 1881 4863 longus
1913 4797 2190 4862 superne
2235 4779 2689 4844 canaliculatus
2722 4787 2787 4842 et
2814 4786 3081 4859 anguste
3154 4869 3162 4876 ι
