3509 5267
544 257 631 321 80
1136 251 1139 260 ’
1632 257 2071 332 Asplentaceae.

548 437 903 492 mentorum
948 428 1119 511 parci
1161 430 1328 491 3—-6
1362 423 1568 489 medio
1610 409 2033 509 approximati
2077 428 2335 507 angusti
2379 425 2537 488 recti
2579 423 2846 489 disereti
2890 423 3146 490 demum

548 534 842 615 contigui.
921 531 1238 596 Indu-vium
1280 532 1521 593 lineare
1564 531 2113 594 membranaceum
2161 537 2284 592 tota
2322 530 2553 612 paqina
2594 530 2912 612 ylandmis
2939 529 3147 611 cylin-

547 637 732 699 dricis
787 636 1290 700 miceuulam'bus
1338 634 1564 698 obtusus
1625 637 1947 714 vestitum,
2013 634 2290 715 marqine
2350 633 2691 717 lonyissime
2743 631 3140 710 fhnbriatum.

546 743 787 821 Sporae
815 739 1031 802 ovales
1064 741 1336 802 minores
1369 736 1567 801 dense
1598 739 2039 801 muriculatae.
2101 738 2168 800 ln
2197 738 2432 820 petiolo
2451 736 2792 800 fasciculus
2813 738 3146 817 trigonus-

551 854 917 924 tetragonus
950 843 1299 905 solitarius
1416 862 1424 869 ·
1512 853 1519 864 ’
2156 893 2177 915 ,,
2345 876 2380 891 2

716 947 896 1011 Icon.
974 946 1170 1008 Presl.
1208 946 1254 1008 l.
1289 965 1347 1008 c.
1384 944 1536 1007 Tab.
1574 945 1674 1008 1.11
1711 944 1886 1024 flgd
1903 939 2326 1028 .'(lndusium
2360 941 2645 1025 malum.)
3257 1026 3262 1030 ⁸

715 1051 1029 1116 Eab.1n
1064 1047 1334 1129 rupibus
1365 1052 1663 1142 Banatus.
1723 1046 2006 1131 (Rachel).
2086 1048 2150 1109 ln
2185 1050 2455 1130 rupibus
2499 1047 2804 1110 ealcareis
2833 1045 3142 1110 Lucaniae

547 1175 742 1237 prope
777 1154 985 1216 castel
1022 1150 1265 1235 grande
1318 1149 1671 1235 (Gaspar.);
1724 1153 1786 1214 in
1831 1141 2104 1233 rupibus.
2142 1153 2383 1216 insulae
2423 1151 2679 1214 Siciliae
2725 1150 2792 1214 in
2823 1147 3144 1214 fladoniae

546 1269 611 1319 et
669 1258 1054 1320 Busambrae
1117 1256 1438 1319 montibus
1504 1253 1817 1339 (Todaro).
1932 1258 2304 1338 specimina.
2354 1254 2571 1336 accepi
2629 1272 2664 1314 a
2725 1254 2809 1316 cl.
2875 1252 3135 1330 Todaro,
3205 1317 3211 1322 ,

544 1380 608 1424 v.
649 1359 1029 1424 Hohenbuhel
1057 1371 1121 1423 et
1153 1362 1436 1424 Bois-sier.

719 1448 936 1510 Planta
968 1448 1671 1512 tenui-membranacea
1706 1444 1956 1527 debilis,
1998 1448 2516 1530 Gymnogramme
2563 1443 2985 1526 leptophyllae
3016 1461 3142 1504 non

546 1552 878 1631 absimilia,
923 1550 1238 1616 interdum
1273 1551 1648 1616 flavescens,
1732 1551 2063 1631 Segmenta
2098 1554 2141 1614 Ι.
2182 1552 2256 1614 Ο.
2307 1548 2391 1614 ad
2437 1567 2755 1612 summum
2791 1551 2827 1610 6
2851 1548 3027 1627 juga,
3079 1543 3145 1606 in

547 1656 782 1718 infimis
812 1656 1013 1717 solum
1064 1653 1314 1718 duobus
1361 1655 1702 1735 segmentis
1733 1655 1781 1716 l.
1821 1655 1895 1717 Ο.
1946 1656 2232 1722 existunt
2275 1661 2595 1734 segmenta
2640 1649 3013 1718 secundaria
3062 1651 3142 1716 ad

547 1777 865 1822 summum
897 1760 959 1838 2,
1000 1759 1200 1820 rarius
1234 1760 1269 1819 5
1304 1758 1606 1821 lateralia.
1660 1758 1773 1819 Pili
1802 1757 2073 1820 laminae
2105 1768 2167 1820 et
2191 1758 2407 1839 petioli
2438 1765 2502 1819 et
2536 1758 2595 1819 in
2630 1756 2954 1836 superiore
2985 1764 3049 1817 et
3079 1757 3144 1816 in

546 1863 841 1925 inferiore
870 1862 1096 1943 pagina
1129 1859 1448 1942 sedentes,
1493 1861 1655 1922 l-2
1680 1861 2013 1926 cellulares
2045 1864 2106 1924 in
2140 1860 2502 1943 glandulam
2537 1843 2774 1923 fuscam
2807 1867 3136 1936 exeuntes;
3210 1854 3216 1859 ’

547 1965 882 2049 glandulae
926 1962 1162 2027 indusii
1206 1964 1593 2048 cylindricae
1638 1964 1961 2029 obtusael
2007 1968 2374 2044 cellulares3
2426 1957 2569 2027 cilia
2617 1959 2855 2026 indusii
2898 1962 3142 2044 longis-

306 2051 315 2060 *
427 2063 433 2069 ’
546 2061 703 2133 sima
740 2066 908 2131 3-7
947 2068 1290 2149 cellularia,
1328 2069 1651 2162 interdum
1682 2071 1747 2132 in
1779 2066 2145 2150 glandulam
2177 2070 2515 2132 coloratam
2545 2068 2863 2146 exeuntia.

720 2174 938 2236 Paleae
969 2191 1004 2235 e
1037 2171 1280 2235 cellulis
1312 2169 1653 2236 admodum
1696 2174 2065 2238 incrassatis
2110 2175 2511 2256 compositae,
2565 2179 2847 2236 attamen
2889 2188 3143 2251 semper

547 2297 745 2340 nervo
777 2276 991 2356 spurio
1023 2282 1335 2338 carentes.
1399 2277 1564 2342 Folia
1589 2276 1910 2344 inevoluta
1936 2276 2254 2359 glandulis
2276 2278 2517 2359 magnis
2541 2277 2810 2359 globosis
2836 2272 3134 2356 gaudent,

546 2392 618 2444 ut
651 2383 712 2444 in
746 2380 818 2444 Α.
857 2381 1004 2443 fisso
1035 2389 1098 2441 et
1128 2379 1204 2441 A.
1242 2381 1401 2442 Ruta
1435 2381 1737 2444 muraria.
1799 2381 1910 2445 CI.
1960 2383 2223 2448 Boissier
2266 2389 2330 2443 et
2377 2382 2458 2450 cl.
2493 2399 2556 2445 v.
2592 2380 2846 2462 Heufler
2886 2385 3139 2449 assueta

546 2486 922 2550 liberalitate
967 2502 1211 2548 mecum
1269 2483 1611 2564 specimina
1674 2485 2095 2564 pulcherrima
2140 2483 2424 2567 Asplenii
2469 2483 2904 2566 brachyphylli
2949 2482 3135 2563 Gasp.

545 2610 579 2653 a
614 2590 693 2652 cl.
732 2587 1098 2669 Gasparrini
1124 2586 1260 2665 ipso
1288 2576 1690 2654 denominata
1724 2591 2373 2671 communicaverunt,
2421 2607 2584 2670 quae
2627 2607 2782 2652 cum
2804 2586 3140 2648 Preslianis

545 2698 935 2774 congruunt3
986 2689 1287 2752 nonnulla
1326 2688 1536 2753 foliola
1570 2700 1896 2771 praeterea
1943 2695 2298 2776 sporangiis
2329 2694 2939 2766 immaturisjonusta
2979 2707 3144 2771 gau-

545 2796 785 2858 debant
831 2794 989 2856 lobis
1034 2812 1118 2854 ex
1160 2802 1342 2874 parte
1380 2803 1656 2875 anguste
1695 2796 1949 2877 incisiS,
2016 2805 2088 2860 ut
2130 2795 2451 2880 quandam
2481 2794 2964 2860 similitudinem
2996 2811 3137 2858 cum

543 2897 620 2981 A.
662 2899 809 2974 fisso
836 2901 1257 2979 acciperent;
1273 2906 1338 2962 at
1358 2897 1685 2968 indusmm
1714 2900 2123 2982 fimbriatum,
2156 2902 2382 2965 lamina
2409 2885 3133 2974 tenui-membranacea,

547 3003 813 3085 petiolus
845 3020 970 3064 non
1001 2967 1314 3064 coloratus
1347 3021 1595 3066 omnem
1629 3001 2090 3070 dubitationem
2131 3006 2382 3070 tollunt.

499 3176 503 3181 ,
718 3102 1353 3187 SpecimenAsplenii
1378 3104 2092 3189 brachyphylliGaspar.
2122 3127 2154 3170 a
2183 3111 2263 3171 cl.
2287 3108 2517 3171 Todaro
2541 3125 2682 3169 cum
2709 3106 2790 3169 cl.
2810 3126 2871 3170 υ.
2897 3074 3141 3186 Heufler

546 3211 1076 3280 communicatum
1119 3210 1186 3272 in
1228 3206 1551 3274 Madoniae
1598 3207 1892 3292 (Siciliae)
1952 3211 2219 3292 rupibus
2263 3212 2591 3278 collectum
2637 3210 2942 3291 pusillum
2985 3210 3139 3292 qui-

547 3312 716 3393 dem,
753 3322 1031 3380 attamen
1064 3311 1188 3376 buc
1217 3328 1468 3392 quoque
1500 3314 1798 3393 pertinet.
2440 3342 2444 3346 ⁹

718 3418 788 3479 ln
840 3416 1018 3480 Italia
1073 3416 1414 3497 specimina
1472 3418 1670 3496 magis
1720 3418 2069 3499 composita
2132 3418 2633 3500 tripinnatisecta
2695 3419 3132 3496 inveniuntur,

546 3520 698 3588 dum
734 3522 1024 3586 banatica
1061 3521 1257 3582 multo
1286 3519 2194 3602 simpliciorabipinnatisecta
2228 3531 2379 3586 sunt
2419 3530 2483 3584 et
2515 3524 2862 3602 segmentis
2893 3522 3143 3604 prima-

545 3627 656 3690 riis
699 3625 947 3705 triJugis
992 3623 1293 3707 gaudent.
1401 3626 1468 3688 ln
1517 3626 1808 3692 Giornale
1862 3625 1927 3687 di
1975 3627 2233 3692 Scienze
2279 3627 2552 3690 Naturali
2603 3626 2689 3694 ed
2727 3625 3141 3692 Eoonomiche

546 3746 818 3790 annesso
860 3728 919 3789 al
960 3746 1011 3787 r.
1061 3729 1310 3791 Istituto
1357 3729 1621 3790 Tecnico
1664 3726 1730 3792 di
1770 3729 2075 3792 Palermo.
2152 3731 2409 3804 Volume
2452 3732 2499 3796 1.
2559 3733 2771 3809 (4866)
2829 3741 2973 3811 pag.'
3012 3727 3138 3791 227

547 3832 628 3893 cl.
671 3830 903 3894 Todaro
934 3832 1096 3894 banc
1136 3834 1409 3912 speciem
1444 3829 1563 3896 sub
1610 3833 1862 3898 nomine
1891 3831 2173 3914 Asplenii
2206 3834 2403 3917 lepidi
2441 3815 2616 3904 Praxi
2644 3832 2979 3910 describit;
3023 3832 3138 3896 sed

545 3935 648 3997 hic
677 3953 931 4017 quoque
960 3943 1142 3997 autor
1183 3930 1514 4016 glandulas
1562 3935 1832 3998 laminae
1874 3946 1938 3998 et
1980 3919 2215 3999 indusii
2261 3959 2386 4004 non
2427 3933 2875 4004 commemorat
2915 3945 2981 4000 et
3025 3936 3140 4002 in·-

547 4036 730 4104 dusia
763 4037 978 4118 glabra
1013 4040 1290 4121 margine
1320 4038 1971 4104 dentato-crenulata
2006 4041 2309 4123 appellat.
2388 4043 2519 4123 Ego
2550 4043 2835 4112 examine
2867 4058 3141 4116 accura—

546 4142 792 4206 tissimo
837 4142 1146 4221 instituto,
1182 4141 1252 4206 in
1284 4143 1737 4222 speciminibus
1761 4132 1803 4206 'a
1833 4144 1915 4206 cl.
1959 4147 2008 4208 T
2001 4143 2191 4208 odoro
2217 4154 2285 4207 et
2315 4165 2347 4207 a
2379 4144 2462 4209 cl.
2505 4145 2874 4228 Gasparrini
2899 4144 3142 4210 collac—

546 4248 628 4309 tis
656 4256 721 4310 et
750 4244 1086 4330 glandulas
1118 4264 1488 4312 numerosas
1529 4255 1594 4310 et
1639 4247 1889 4312 indusia
1935 4248 2246 4314 fimbriata
2291 4250 2525 4322 inveni.
2580 4252 2648 4312 In
2682 4247 3139 4341 speciminibus

544 4354 896 4434 sporangiis
928 4352 1194 4416 maturis
1223 4353 1470 4418 onustis
1515 4351 1657 4413 cilia
1688 4370 1879 4433 saepe
1910 4371 1991 4415 ex
2019 4362 2203 4434 parte
2233 4362 2519 4418 truncata
2551 4361 2736 4432 sunt,
2788 4353 2874 4416 ita
2916 4359 2989 4414 ut
3029 4351 3142 4412 in·-

545 4452 799 4520 dusium
845 4464 1172 4518 crenatum
1216 4473 1358 4520 esse
1404 4454 1728 4535 videatur,
1788 4453 1960 4537 qnod
2007 4475 2072 4517 re
2116 4476 2266 4522 vera
2311 4476 2437 4528 non
2481 4458 2568 4519 ita
2613 4466 2748 4537 est,
2806 4464 2877 4518 ut
2917 4454 3142 4535 speci-

548 4558 713 4622 mina
750 4558 1024 4620 herbarii
1057 4558 1364 4622 Presliani
1390 4577 1640 4640 quoque
1670 4578 1773 4622 me
1804 4557 2177 4624 docuerunt.
2242 4630 2246 4633 ‚
2770 4583 2778 4589 ·

717 4662 953 4744 Sporae
985 4661 1048 4723 in
1081 4661 1195 4726 hac
1228 4663 1443 4743 specie
1482 4662 1638 4726 adeo
1686 4662 1767 4723 ab
1798 4661 1870 4728 Α.
1911 4665 2072 4727 Ruta
2103 4665 2375 4728 muraria
2409 4663 2730 4743 differunt,
2785 4672 2855 4728 ut
2875 4662 3008 4742 jam
3043 4661 3141 4726 his

544 4763 726 4828 facile
756 4762 1208 4845 distinguenda
1240 4766 1354 4834 sit:
1402 4766 1469 4827 in
1497 4764 1800 4848 Aspleuio
1825 4768 1991 4832 Ruta
2024 4770 2298 4832 muraria
2331 4769 2498 4832 enim
2534 4767 2849 4834 maximae
2881 4769 3141 4846 irregu-
