3509 5267
1462 276 1840 349 cystopteris.
2234 250 2239 255 .
2772 341 2775 344 ,
2818 272 2940 337 153

347 463 472 508 una
522 461 669 507 cum
713 441 1016 523 Asplenio
1060 440 1406 507 lanceolata
1461 461 1596 505 var.
1644 443 1949 521 obovat03
1992 448 2074 507 ι6.
2123 444 2513 527 Cystopteris
2553 443 2814 526 fragilis.
2859 480 2944 492 -

346 549 568 630 Itaque
593 546 665 608 C.
702 544 1111 610 fumarioides
1141 547 1316 610 Presl
1343 548 1655 609 immerito
1685 567 1719 609 a
1745 549 1827 610 cl.
1858 549 2061 612 Moero
2088 544 2247 630 (ind.
2284 548 2371 610 fil.
2403 567 2467 628 p.
2504 546 2648 630 282)
2690 546 2773 611 ad
2802 567 2939 612 var.

346 651 407 716 ὁ.
443 652 777 717 dentatam
803 648 1262 731 Cystopteridis
1293 649 1533 730 fragilis
1565 652 1858 714 trahitur.
1927 647 2317 735 Cystopteris
2349 652 2588 712 azorica
2622 654 2729 716 Fee
2757 652 2946 733 plane

344 757 601 819 omnino
633 753 853 816 eadem
890 753 1101 832 planta
1134 771 1208 814 ac
1238 754 1629 816 canariensis
1659 755 1877 837 itaque
1900 771 2039 817 var.
2070 776 2134 840 η.
2172 755 2410 817 azot-ica
2437 753 2604 836 apud
2638 756 2717 817 cl.
2747 758 2948 820 Moore

345 862 384 922 1.
417 881 476 923 c.
511 880 580 941 p.
629 860 758 923 282
801 855 1142 940 superflua.
1222 857 1269 917 E
1313 857 1522 919 Sierra
1564 856 1820 921 Nevada
1854 857 2188 940 Hispaniae
2230 866 2296 920 et
2336 876 2417 920 ex
2448 860 2617 921 Nova
2654 859 2945 923 Granada

346 963 691 1046 specimina
746 961 1001 1026 omnino
1054 977 1197 1023 cum
1253 976 1390 1022 var.
1449 962 1806 1026 canariensi
1860 961 2297 1026 convenientia
2352 960 2517 1041 vidi,
2577 971 2643 1025 at
2694 962 2949 1028 indusio

346 1067 566 1148 glabro
596 1063 935 1149 gaudentia
960 1061 973 1124 l

516 1168 701 1232 θῦεν.
738 1169 785 1231 1.
834 1164 1166 1249 Aspidium
1186 1168 1568 1247 Taygetense
1587 1168 1751 1250 Bory
1776 1176 1841 1231 et
1861 1167 2088 1232 Gkaub.
2126 1168 2327 1231 Nouv.
2365 1168 2451 1231 Fl.
2481 1168 2689 1250 Pelop.
2730 1167 2776 1249 (l
2794 1168 2938 1253 838)

348 1294 410 1353 p.
448 1273 555 1335 67.
592 1280 658 1334 et
687 1267 935 1350 Exped.
973 1269 1194 1332 scient.
1259 1271 1458 1332 Marde
1489 1288 1550 1351 p.
1591 1273 1715 1333 288
1747 1291 1993 1335 mecum
2039 1273 2469 1356 copiosissime
2512 1274 2951 1336 communica-

349 1387 477 1440 tum
512 1384 640 1440 est.
699 1373 1053 1438 Ediderunt
1098 1373 1262 1435 hanc
1306 1373 1622 1455 plantam:
1679 1374 1735 1458 l)
1775 1375 2097 1440 Heldreich
2139 1379 2201 1438 in
2233 1376 2437 1441 Plant.
2489 1394 2628 1439 exs.
2662 1376 2774 1439 No.
2825 1379 2949 1439 365

347 1503 421 1543 ex
455 1481 728 1561 Olympo
757 1476 1139 1541 Thessaliae.
1206 1478 1268 1555 2)
1305 1475 1473 1538 Idem
1518 1477 1582 1542 in
1614 1479 1879 1544 Hei-bar.
1918 1482 2138 1544 Graec.
2177 1500 2382 1546 norm.
2417 1482 2527 1543 No.
2570 1482 2651 1542 35
2682 1500 2765 1543 ex
2793 1482 2952 1542 Par-

345 1603 567 1662 nasso,
617 1590 684 1645 et
726 1583 786 1662 3)
826 1580 1205 1663 Orphanides
1243 1581 1306 1641 in
1353 1581 1513 1643 Flor.
1559 1600 1765 1661 graec.
1801 1601 1941 1646 exs.
1977 1586 2088 1646 No.
2127 1587 2253 1648 499
2294 1581 2517 1647 eodem
2562 1584 2716 1646 loco.
2756 1585 2951 1646 Prae·-

345 1697 518 1750 terea
563 1685 695 1749 vidi
737 1685 1081 1768 specimina
1132 1684 1437 1748 cretensia
1483 1704 1517 1746 a
1551 1685 1630 1747 cl.
1669 1686 1985 1750 Heldreick
2032 1707 2225 1770 prope
2256 1687 2601 1769 Sphakiam
2643 1686 2728 1750 ad
2760 1685 2949 1751 6000'

354 1789 481 1874 (No.
526 1787 712 1872 4665)
753 1789 949 1869 lecta,
998 1785 1229 1851 deinde
1261 1807 1340 1850 ex
1373 1788 1701 1851 montibus
1732 1791 2036 1871 Taygeto,
2087 1791 2192 1854 Ida
2246 1793 2379 1867 (No.
2420 1791 2606 1869 ⁴549)
2642 1797 2707 1851 et
2732 1797 2950 1872 smonte

348 1895 584 1957 Olenos
643 1891 940 1954 Graeciae
990 1888 1122 1972 (No.
1171 1894 1319 1970 365)
1384 1900 1447 1953 et
1496 1893 1824 1955 montibus
1870 1895 2172 1976 Dirphyis
2213 1893 2506 1957 Euboeae
2574 1891 2704 1976 (No.
2765 1890 2941 1974 365).

348 1996 708 2078 Spe-cimina
730 2043 746 2074 ‚
797 1995 1090 2076 quamvis
1121 2014 1201 2056 ex
1248 2002 1429 2076 parte
1460 2015 1493 2057 a
1527 1997 1972 2079 Cystopteride
2003 1997 2223 2079 alpina’
2246 1997 2497 2064 diversa
2528 2006 2743 2062 tamen
2774 1996 2947 2061 nullo

309 2099 531 2164 ‘modo
562 2099 645 2162 ab
674 2098 793 2161 hac
823 2098 1113 2180 specifice
1144 2097 1528 2179 sejungenda
1560 2083 1732 2163 sunt.
2924 2157 2929 2163 .

514 2205 849 2285 Nunquam
882 2200 1003 2265 sub
1035 2201 1295 2283 Aspidio
1326 2203 1704 2286 Taygetensi
1740 2202 2246 2287 Cystopteridem
2291 2205 2570 2288 fragilem
2612 2204 2946 2289 genuinam

346 2306 509 2387 vidi,
548 2308 844 2389 quamvis
875 2306 1215 2370 nonnullae
1245 2306 1482 2369 formae
1511 2308 1660 2370 huic
1688 2309 2012 2390 proximae
2042 2308 2193 2372 sint.

515 2412 688 2474 Inter
727 2410 1072 2492 specimina
1115 2410 1708 2474 numerosissimaa
1753 2431 1856 2475 me
1900 2412 2253 2476 examinata
2298 2411 2412 2475 has
2443 2411 2678 2477 formas
2709 2412 2951 2476 distin-
3000 2429 3007 2437 “

350 2533 543 2596 gnere
571 2513 774 2594 potui.
1429 2504 1437 2512 ’

436 2617 496 2679 l.
550 2617 765 2699 Cyst.
817 2618 1133 2699 alpina,
1182 2637 1392 2681 vera.
1458 2620 1634 2684 Mons
1666 2621 2013 2701 Taygetos3
2050 2622 2129 2681 M.
2165 2604 2463 2702 Dirphyis
2495 2618 2811 2683 Euboeae.

434 2720 496 2781 2.
549 2722 820 2783 Forma
866 2720 1230 2784 latiloba.
1299 2721 1515 2785 Lobuli
1549 2722 1753 2785 ultimi
1778 2722 2038 2803 breveS‚
2079 2724 2225 2798 lati,
2262 2724 2641 2804 plerumque
2670 2720 2951 2785 uniden-

351 2825 501 2904 tati,
554 2822 779 2888 dentes
819 2827 1139 2906 truncati,
1190 2827 1395 2889 rarius
1435 2827 1831 2909 emarginati.
1909 2826 2004 2891 Ad
2039 2827 2299 2890 formam
2350 2828 2581 2911 reqiam
2614 2825 2945 2890 accedens.

347 2930 517 2989 Mons
549 2926 681 2991 Ida.
744 2929 823 2990 Μ.
862 2928 1118 2991 Olenos.

431 3032 495 3092 3.
544 3031 811 3091 Forma
855 3032 1403 3112 angustiloba.
1469 3031 1691 3095 Lobuli
1723 3034 1934 3096 ultimi
1980 3033 2273 3115 lineales,
2327 3034 2530 3116 longi,
2580 3034 2950 3115 saepissime

346 3134 538 3212 acuti,
579 3133 782 3196 rarius
798 3137 1192 3217 emarginati.
1247 3136 1479 3200 Habitu
1501 3137 1676 3220 Cyst.
1711 3137 1984 3218 alpinae.
2027 3137 2329 3218 Sphakia.
2366 3140 2541 3201 Mons
2569 3140 2941 3201 Parnassus,

434 3239 495 3299 4.
549 3240 818 3300 Forma
862 3238 1369 3322 subfragilis.
1435 3241 1673 3303 Dentes
1704 3241 1903 3324 longi,
1942 3243 2314 3323 plerumque
2345 3242 2557 3305 obtusi
2585 3261 2703 3305 nec
2734 3260 2953 3303 emar-

344 3342 564 3422 ginati.
632 3340 861 3405 Habitu
894 3343 1067 3425 Cyst.
1102 3343 1362 3426 fragilis.
1429 3345 1600 3405 Mons
1631 3345 2001 3407 Parnassus.

517 3444 701 3507 θῦεν.
735 3444 823 3511 11.
889 3446 1278 3528 Cystopteris
1323 3447 1650 3509 caucasica
1699 3448 1764 3509 G.
1804 3444 1876 3508 A.
1912 3449 2118 3530 Meyer
2150 3449 2222 3509 U.
2272 3448 2314 3508 i.
2369 3450 2562 3528 4839,
2602 3467 2730 3510 non
2773 3466 2951 3508 com—

345 3546 650 3610 mutanda
683 3567 826 3610 eum
862 3551 1306 3633 Hymenocyst.
1345 3551 1702 3630 caucasica,
1753 3549 1930 3610 nullo
1977 3548 2162 3611 modo
2192 3568 2227 3612 a
2262 3550 2542 3633 Cystcpt.
2581 3549 2784 3632 fragili
2816 3548 2950 3611 dir-

345 3650 491 3712 fert.
529 3648 575 3711 f.
614 3668 665 3711 s·
706 3670 764 3713 o.
802 3654 1113 3735 complur.
2078 3657 2139 3695 χ

519 3753 705 3816 ohsv.
740 3755 862 3819 m.
927 3759 1183 3820 Formas
1226 3754 1638 3819 intermedias
1679 3756 1846 3817 inter
1893 3756 2067 3872 Cyst.
2120 3755 2395 3838 alpinam
2443 3765 2507 3820 et
2552 3757 2622 3821 C.
2671 3755 2967 3839 fragilem.
3020 3828 3023 3831 Α

345 3858 712 3938 nuperrimo
755 3877 790 3919 e
833 3858 1022 3921 Tiroli
1068 3869 1132 3922 et
1178 3862 1455 3924 Helvetia
1500 3861 1750 3943 copiose
1794 3860 1960 3940 vidi,
1990 3857 2201 3923 etiam
2232 3861 2432 3925 cultas
2477 3862 2542 3924 in
2586 3862 2769 3924 horto
2814 3881 2945 3943 reg.

344 3961 544 4023 Berol.
605 3963 733 4023 Hae
766 3962 1002 4025 formae
1029 3966 1204 4029 vario
1238 3964 1423 4027 modo
1453 3966 1754 4028 existunt.
1819 3941 2256 4028 Laciniilarum
2279 3974 2690 4048 angustarum
2723 3964 2949 4029 dentes

344 4068 511 4127 enim
543 4083 669 4126 non
701 4068 1106 4148 emar-giam,
1161 4067 1274 4131 sed
1321 4070 1488 4132 acuti
1522 4069 1969 4144 inveniuntur,
2022 4070 2112 4130 sic
2144 4088 2224 4130 ex
2258 4068 2454 4133 forma
2487 4070 2702 4152 alpina
2733 4070 2951 4131 existit

347 4169 418 4230 G.
452 4168 728 4250 fragilii33
780 4170 846 4232 in
892 4171 1031 4232 aliis
1077 4171 1294 4234 formis
1327 4170 1552 4234 dentes
1598 4172 1923 4252 fastigiati
1933 4173 1994 4233 in
2029 4171 2309 4235 lobulum
2350 4172 2549 4235 latum
2583 4172 2941 4248 confluunt3

343 4271 436 4333 sic
465 4289 549 4333 ex
581 4270 778 4333 forma
807 4275 984 4356 reyia
1014 4277 1224 4337 existit
1257 4277 1327 4339 C.
1364 4274 1622 4356 fragilis.

519 4373 1218 4459 obnv.1·v.Aspidium
1252 4389 1444 4443 tenue
1474 4378 1604 4441 Sw.
1652 4375 1822 4462 (edit.
1859 4378 1923 4438 in
1951 4377 2109 4439 Flor.
2146 4371 2436 4458 pensylv.
2467 4367 2698 4439 exsicc.
2739 4376 2952 4444 cnve-

344 4477 572 4558 valley.
616 4478 834 4563 ⁴824).
882 4490 979 4544 est
1021 4482 1217 4545 forma
1243 4484 1424 4563 Cyst.
1474 4481 1712 4564 fragilis
1744 4480 1827 4543 ad
1861 4499 1995 4542 var.
2045 4479 2561 4542 anthri‘scifoliam
2610 4479 2943 4544 accedenS.

340 4581 806 4663 Speciminibus
835 4588 1314 4647 accuratissime
1344 4587 1746 4665 examinatis,
1784 4584 1851 4647 id
1882 4585 2082 4647 solum
2107 4582 2453 4645 notandum
2476 4592 2596 4664 est,
2637 4582 2808 4669 quod
2840 4586 2949 4644 in-

339 4683 597 4748 dusium
626 4687 888 4766 praeter¹
930 4687 1185 4755 modum
1217 4687 1415 4752 breve
1445 4700 1582 4770 esu
1633 4700 1701 4752 at
1743 4689 2005 4754 minime
2034 4688 2153 4751 hoc
2182 4688 2653 4772 integerrimum
2688 4689 2938 4767 inveni3

341 4803 568 4874 sperae
600 4790 1036 4857 muriculam.
