3509 5267
579 236 706 299 210
1638 241 2081 313 Ewsuaceaei
2131 237 2140 246 “

580 405 736 469 dita
758 415 877 469 est.
943 408 1229 470 Lacunae
1275 408 1342 469 in
1384 409 1754 489 vaginarum
1796 408 2023 472 foliolis
2065 409 2388 472 rarissime
2430 410 2878 493 inveniuntur,
2928 423 3183 494 semper

578 520 791 573 autem
825 511 1166 574 fasciculus
1198 528 1491 585 vasorum
1525 512 1723 575 ovalis
1757 513 2055 576 centralis
2087 512 2289 576 adest.

748 618 818 677 In
852 616 1032 705 caule
1075 615 1490 677 inveniuntur
1530 616 1909 698 plerumque
1951 623 2082 678 tres
2115 617 2358 698 species
2388 615 2799 680 lacunarum:
2853 619 3172 699 centraliS,

579 720 994 783 vallecularos
1046 718 1394 801 (valleculis
1437 717 1707 781 caulinis
1752 718 2233 802 respondentes)
2286 725 2351 781 et
2380 721 2692 782 carinales
2731 718 2982 801 (carinis
3011 711 3177 785 cau-—

576 823 724 885 linis
757 821 1274 905 respondentes);
1314 807 1431 884 ha'e
1462 824 1737 885 minores
1760 832 1826 885 et
1859 833 2075 886 centro
2099 824 2299 887 caulis
2324 825 2673 904 propium,
2709 823 2874 886 inae
2863 826 3171 905 majores,

572 924 952 1007 epidermidi
981 928 1309 1008 propiores
1341 941 1483 989 cum
1517 926 1903 991 carinalibus
1936 929 2279 990 alternant.

703 1030 1009 1094 Fasciculi
1031 1047 1317 1094 vasorum
1349 1028 1606 1093 discreti
1633 1049 1709 1092 ex
1734 1031 1833 1094 his
1859 1033 2187 1094 elementis
2218 1029 2546 1111 compositi
2563 1031 2749 1091 sunt:
2804 1030 2862 1108 t)
2891 1050 2932 1093 e
2949 1030 3175 1094 lacuna

573 1143 759 1197 aerea
783 1134 1065 1215 carinali,
1097 1152 1260 1215 quae
1287 1136 1348 1195 in
1374 1131 1580 1196 media
1607 1143 1790 1215 parte
1809 1136 2133 1217 superiore
2156 1133 2438 1196 fasciculi
2461 1134 2863 1198 observatur
2899 1132 2962 1219 2)
2986 1134 3193 1202 ecel-2

573 1237 727 1299 lulis
754 1238 1169 1300 annularibus
1203 1238 1244 1301 1.
1285 1237 1647 1319 spiralibus,
1687 1239 1893 1301 rarius
1925 1238 2268 1301 mticulatis
2312 1235 2480 1318 (vasa
2510 1235 2824 1320 autorum)
2850 1281 2865 1312 ,
2905 1245 3065 1319 quae
3095 1237 3175 1299 ad

574 1339 770 1403 latera
821 1343 1008 1422 hujus
1040 1341 1304 1403 lacunae
1335 1340 1579 1403 inferne
1625 1338 1931 1423 disposita
1964 1348 2135 1403 sunt.
2205 1338 2262 1423 3)
2301 1359 2336 1402 e
2368 1340 2612 1403 cellulis
2644 1335 3176 1424 elongatis‘poly—

575 1445 752 1525 gonis
797 1445 1270 1525 angustioribus
1317 1453 1380 1506 et
1410 1445 1609 1525 magis
1655 1446 2020 1509 incrassatis
2065 1445 2234 1506 circa
2265 1445 2530 1507 cellulas
2561 1444 2905 1505 annulat-es
2931 1441 3171 1525 ¹dispo-

574 1548 738 1629 sitis,
777 1567 893 1611 nec
926 1568 1051 1611 non
1083 1548 1492 1629 amplioribus
1525 1549 1922 1612 tenuioribus
1951 1546 2226 1611 medium
2262 1548 2633 1610 fasciculum
2664 1547 2909 1610 inferne
2939 1555 3173 1610 tenen·-

575 1650 770 1713 tibus.
846 1651 900 1733 4)
941 1672 1019 1714 ex
1049 1653 1283 1724 annulo
1317 1652 1684 1716 cellularum
1717 1652 1989 1733 simplici
2022 1653 2370 1714 incrassato
2393 1650 2712 1713 interdum
2738 1660 2941 1714 totum
2973 1650 3171 1713 fasci-

573 1755 785 1816 culum
829 1753 1285 1818 circumdante.
1320 1791 1407 1802 —
1451 1757 1618 1828 Quot
1658 1755 1924 1816 lacunae
1967 1756 2276 1818 carinales
2308 1757 2503 1836 igitur
2534 1753 2796 1835 adsunt,
2852 1762 2942 1817 tot
2973 1753 3170 1817 fasci-

572 1858 697 1921 culi
729 1859 793 1920 in
825 1860 1023 1922 caule.
1093 1860 1389 1935 Carinae,
1438 1859 1812 1937 valleculae,
1863 1857 2178 1939 fasciculi,
2227 1858 2491 1921 lacunae
2533 1857 2870 1921 internodii
2914 1858 3170 1921 alterius

571 1954 717 2023 cum
747 1962 1105 2025 internodio
1137 1963 1337 2028 altero
1364 1951 1725 2028 alternant(

741 2065 1098 2148 Epidermis
1130 2084 1165 2128 e
1190 2066 1431 2129 cellulis
1465 2066 1773 2147 elongatis
1804 2065 2126 2143 formatur,
2166 2085 2328 2147 quae
2361 2067 2533 2128 vario
2565 2051 2749 2128 modo
2782 2065 2994 2147 figuris
3025 2065 3170 2128 sili-

572 2170 701 2233 ceis
741 2166 1073 2252 (granulis,
1114 2169 1497 2247 tuberculiS,
1532 2169 1801 2249 rosulis,
1841 2168 2088 2249 faseiiS,
2127 2166 2450 2252 dentibus)
2487 2179 2768 2232 ornatur.

677 2333 682 2339 .
745 2273 1020 2337 Granula
1062 2273 1331 2355 oblonga
1377 2282 1441 2334 et
1480 2271 1924 2353 punctiformia
1970 2282 2098 2336 tam
2145 2289 2342 2354 parva
2389 2282 2576 2353 sunt,
2626 2280 2699 2338 ut
2741 2273 2910 2334 4--6
2951 2288 3166 2334 eorum

568 2375 968 2440 latitudinem
999 2378 1191 2439 unius
1223 2377 1492 2441 cellulae
1523 2379 1844 2459 obtegant.

740 2479 1090 2544 Tubercula
1134 2481 1509 2562 plerumque
1552 2481 1941 2563 subglobosa
1986 2488 2182 2544 totam
2230 2478 2632 2542 latitudinem
2664 2480 2854 2542 unius
2896 2476 3162 2540 cellulae

565 2583 856 2664 explent,
894 2585 1060 2645 utin
1091 2586 1208 2665 Eq.
1247 2584 1473 2663 hiem.,
1523 2582 1890 2667 trachyod.,
1932 2585 2167 2665 varieg.
2205 2611 2288 2630 u—
2319 2582 2575 2646 Rosulae
2605 2583 2866 2653 formam
2895 2580 3168 2661 capula-

569 2706 740 2768 rem„
791 2687 1138 2767 marginem
1188 2688 1504 2769 eleganter
1544 2697 1872 2750 crenatum
1915 2689 2229 2769 praebent
2269 2695 2335 2750 et
2374 2705 2626 2767 semper
2656 2705 2848 2748 unam
2877 2685 3163 2750 cellulam

566 2791 731 2853 latae
765 2791 1195 2853 inveniuntur.
1271 2792 1360 2874 (E.
1401 2792 1670 2872 varieg.,
1711 2793 1783 2853 E.
1821 2792 2041 2873 scirp.,
2079 2793 2152 2853 E.
2189 2789 2567 2873 traebyod.)
2638 2790 2889 2854 Fasciae
2922 2805 3169 2867 semper

555 2894 1059 2973 transversaleS,
1112 2896 1477 2976 saepissime
1520 2896 1585 2956 in
1626 2895 1697 2956 E.
1736 2896 2164 2959 ramosissimo
2208 2896 2621 2960 inveniuntur
2662 2901 2729 2956 et
2769 2890 3163 2955 latitudinem

568 2999 988 3079 complurium
1035 2999 1403 3062 cellularum
1439 2997 1845 3080 obtegentes,
1896 3008 2008 3063 aut
2038 3008 2376 3080 angustae,
2430 2999 2682 3081 longae,
2732 3004 2845 3060 aut
2875 2995 3166 3076 subqua—

569 3100 788 3164 dratae
821 3102 1047 3166 breves
1079 3112 1250 3165 sunt.
1318 3105 1885 3172 Haecornamenta
1918 3101 2364 3185 epidermidis,
2414 3102 2580 3166 eirea
2627 3103 2798 3164 200-
2828 3101 2919 3164 ies
2953 3106 3157 3175 aucta,

566 3207 689 3268 sub
713 3207 1123 3287 microsecpio
1144 3205 1540 3269 observanda
1573 3217 1745 3270 sunt.
2261 3267 2270 3272 ,

740 3310 1013 3372 Stomata
1052 3330 1085 3370 e
1130 3307 1380 3371 duobus
1427 3310 1791 3376 cellularum
1839 3310 2101 3390 paribus
2144 3311 2521 3390 composita,
2573 3308 2703 3370 fere
2750 3327 3000 3390 semper
3038 3304 3165 3369 ad·-

568 3422 751 3492 sunt3
802 3433 918 3495 par
962 3416 1256 3496 superius
1289 3415 1485 3476 latere
1530 3415 1824 3476 inferiore
1872 3415 2064 3476 radiis
2097 3414 2329 3476 siliceis
2361 3414 2661 3475 vestitum
2695 3420 2812 3482 est.
2882 3411 3158 3474 Stomata

565 3519 631 3579 in
663 3519 995 3581 valleculis
1027 3520 1400 3601 plerumque
1433 3522 1627 3582 series
1660 3519 1844 3582 binas
1877 3516 2187 3582 discretas
2216 3518 2585 3595 efformant;
2624 3517 2792 3578 inter
2819 3516 2934 3579 has
2965 3516 3165 3576 series

565 3623 746 3685 binas
794 3623 986 3703 igitur
1032 3624 1315 3686 nonnulli
1348 3623 1713 3685 cellularum
1749 3622 2002 3691 ordines
2029 3624 2349 3701 existunt,
2402 3622 2508 3703 qui
2543 3618 2922 3684 stomatibus
2953 3618 3165 3684 desti-

565 3726 721 3804 tuti,
773 3726 888 3787 has
935 3735 1273 3790 stornatum
1322 3729 1517 3789 series
1564 3747 1598 3788 a
1635 3729 2010 3790 seinvicem
2039 3726 2446 3806 disjungunt3
2497 3725 2779 3806 singulae
2827 3724 3021 3790 series
3053 3729 3165 3784 aut

564 3845 646 3888 ex
684 3828 812 3888 una
856 3829 1019 3890 linea
1062 3835 1440 3908 stornatum,
1499 3838 1568 3891 ut
1612 3833 1675 3892 in
1709 3832 1781 3892 E.
1821 3832 2111 3911 hiemali,
2162 3830 2514 3892 formantur
2562 3826 2781 3911 (series
2825 3835 3161 3891 stornatum

565 3930 994 4014 unilineatae),
1034 3942 1144 3995 aut
1168 3952 1246 3995 ex
1276 3933 1713 4013 compluribus
1737 3935 1942 4011 lineiS,
1980 3944 2052 4000 ut
2083 3935 2148 3996 in
2180 3934 2252 3996 Ε.
2289 3933 2542 3996 arvensi
2576 3930 2790 4015 (series
2817 3939 3160 3995 stornatum

563 4034 1181 4120 bi-multil-ineatae).
1249 4038 1472 4099 Rarius
1516 4037 1661 4099 illae
1701 4038 1902 4100 series
1943 4037 2131 4102 binae
2177 4039 2242 4102 in
2273 4053 2462 4100 unam
2497 4036 2872 4098 latissimam
2905 4038 3166 4113 seriem„

562 4159 597 4201 e
631 4141 844 4204 multis
875 4140 1057 4204 lineis
1090 4151 1431 4204 stornatum
1463 4143 1906 4222 compositam,
1945 4123 2292 4221 confluunt,
2333 4149 2405 4203 ut
2436 4142 2501 4202 in
2533 4141 2602 4203 E.
2639 4139 2934 4220 palustri.
3003 4140 3164 4205 Haec

562 4245 663 4308 lex
697 4246 953 4325 triplex,
991 4265 1113 4328 qua
1146 4254 1414 4308 stomata
1450 4246 1514 4307 in
1547 4245 1866 4326 Equisetis
1908 4244 2216 4327 disposita
2250 4253 2422 4322 sunt,
2462 4244 2669 4326 magni
2705 4240 3005 4304 momenti
3033 4227 3174 4306 est(

562 4349 770 4412 Series
823 4369 967 4413 cum
1020 4350 1184 4412 linea
1238 4369 1362 4412 non
1407 4347 1850 4411 commutanda
1896 4359 2026 4427 est;
2083 4369 2231 4413 nam
2285 4369 2474 4430 saepe
2522 4368 2601 4411 ex
2654 4345 2924 4427 singulis
2978 4345 3162 4408 lineis

560 4453 758 4515 series
792 4455 1134 4535 composita
1166 4461 1290 4515 est.
1965 4462 1993 4501 ¹

728 4554 1200 4637 Epldermidem
1231 4558 1522 4639 sequitur
1551 4557 1927 4640 plerumque
1955 4565 2227 4621 stratum
2258 4554 2405 4618 libri
2433 4553 2972 4639 (pleurenehyma,
3012 4550 3164 4613 cel——

557 4659 725 4722 lulae
757 4660 1045 4744 fibrosae)
1089 4669 1153 4723 et
1184 4662 1606 4745 parenchyma
1640 4682 1674 4723 e
1708 4663 1953 4727 cellulis
1986 4660 2478 4743 chlorophyllum
2507 4656 2999 4734 continentibus,
3037 4654 3165 4716 ola—

558 4762 758 4846 longis
789 4766 1228 4847 compositum.
