3509 5267
606 203 732 273 274
1644 205 2144 277 Lycopodiaceae.

607 377 871 444 incurva
918 373 962 433 l.
1012 370 1278 452 falcata,
1331 390 1539 454 margo
1584 381 1888 436 externus
1947 370 2075 436 fere
2138 380 2376 449 rectus,
2437 372 2729 437 internus
2792 371 3033 434 inferne
3073 371 3208 436 fere

606 475 1128 544 suburbicularis.
1210 477 1278 540 In
1323 477 1501 540 caule
1531 476 1674 540 folia
1707 467 2175 549 lateralia·2''',
2228 474 2367 540 folia
2403 474 2777 541 intermedia
2814 473 2913 537 ⁴'''
2946 485 3205 557 excepta

608 580 889 647 auricula
922 580 1126 661 longa.

780 685 874 747 Cl.
935 684 1164 765 Sprin9
1220 681 1345 748 sub
1394 684 1457 749 S.
1520 681 1780 746 mnioidi
1825 683 2068 762 species
2123 679 2283 748 duas
2329 680 2845 750 distinctissimas
2893 682 3198 760 confudit,

605 790 870 852 alteram
916 786 1306 860 Africanam,
1376 801 1410 848 a
1457 789 1536 853 cl.
1590 788 1805 850 Kunze
1851 785 1973 852 suh
2030 785 2283 852 nomine
2327 786 2740 866 selaginellae
2788 788 3208 852 Kraussianae

607 891 1024 972 descriptam,
1076 909 1344 972 quacum
1395 891 1662 954 Mettam'i
1704 889 1772 954 S.
1819 887 2174 967 hortensis,
2236 890 2589 969 antiquitus
2637 891 2699 971 in
2749 889 2952 956 hortis
3005 892 3195 971 culta,

607 995 860 1058 omnino
907 995 1236 1072 convenit,
1287 995 1550 1060 alteram
1596 992 2032 1060 Americanam
2079 994 2142 1056 in
2186 992 2637 1058 Sieberi'Flora
2686 993 2881 1058 mixta
2915 996 3022 1057 No.
3074 996 3201 1056 325
3303 1042 3316 1048 -

502 1126 506 1130 ·
606 1101 730 1164 sub
783 1100 1032 1164 nomine
1088 1098 1219 1166 Sel.
1292 1097 1602 1164 mnioides
1662 1097 1920 1164 editam.
2019 1096 2329 1162 Posterior
2387 1095 2543 1160 haec
2601 1097 2874 1162 insulam
2937 1097 3202 1161 Mauritii

606 1203 893 1270 habitare
950 1201 1207 1282 quidem
1264 1198 1529 1279 dicitur,
1597 1200 1710 1264 sed
1769 1200 2108 1281 specimina
2160 1198 2526 1265 Sieberiana
2582 1200 2817 1264 certius
2873 1202 2935 1263 in
2995 1202 3201 1266 insula

608 1308 933 1380 Trinitatis
967 1306 1121 1368 lecta
1157 1314 1342 1384 sunt,
1383 1306 1618 1386 quippe
1652 1323 1814 1385 quae
1846 1322 1987 1366 cum
2024 1303 2477 1384 speciminibus
2509 1322 2543 1363 a
2575 1303 2658 1367 cl.
2693 1305 2935 1387 Kriiyer
2962 1304 3198 1368 ibidem

608 1412 788 1476 lectis
820 1419 886 1474 ct
914 1410 977 1472 in
1009 1407 1193 1472 herb.
1235 1410 1566 1474 Kunzeano
1608 1407 1950 1472 asservatis
1981 1407 2062 1472 ad
2095 1410 2396 1474 amussim
2431 1420 2809 1489 congruunt.
2874 1409 3048 1475 Cum
3082 1409 3204 1472 hac

608 1510 1047 1598 conjungenda
1071 1522 1170 1576 est
1194 1513 1262 1573 S.
1292 1510 1702 1579 ciliiauricula
1730 1511 1903 1592 Spin,
1944 1529 1978 1571 e
2006 1509 2327 1578 Columbia
2352 1560 2373 1600 ²,
2404 1532 2568 1595 quae
2591 1512 2813 1577 habitu
2843 1512 3203 1576 robustiore

607 1628 908 1700 excepto,
962 1616 1129 1684 notis
1173 1615 1616 1682 essentialibus
1671 1634 1794 1676 non
1840 1612 2068 1680 differt.
2124 1617 2191 1678 S.
2243 1615 2551 1696 cirrhipes
2596 1616 2739 1697 Spr.
2788 1635 2824 1678 e
2873 1615 3234 1696 Columbiar

607 1722 791 1804 paulo
837 1721 1040 1802 magis
1082 1718 1339 1802 quidem
1395 1717 1664 1786 discedit
1716 1719 1897 1786 caule
1935 1721 2255 1796 tenuiore,
2320 1718 2502 1784 nodis
2559 1721 2769 1788 minus
2812 1722 3194 1803 perspicuis,
3315 1715 3324 1720 ”

606 1826 890 1889 foliorum
941 1824 1295 1886 lateralium
1343 1824 1640 1886 auriculis
1688 1822 1897 1885 minus
1945 1823 2246 1904 evolutis,
2316 1822 2481 1885 foliis
2526 1822 2911 1889 intermediis
2956 1824 3199 1907 longius

604 1930 980 1995 acuminatis
1011 1938 1075 1993 et
1107 1929 1302 2009 magis
1334 1927 1617 2005 falcatiS‚
1656 1924 1770 1990 sed
1795 1925 2202 1992 nihilominus
2228 1928 2644 2008 selaginellae
2664 1927 2959 2002 mnioidis
2980 1930 3201 1990 varie-

607 2035 758 2096 tatis
789 2025 923 2096 loco
953 2030 1466 2113 subjungendam
1496 2051 1640 2096 esse
1673 2050 1927 2096 censeo.
1991 2032 2116 2096 Hae
2148 2049 2365 2094 omnes
2408 2028 2624 2112 (aeque
2653 2048 2728 2093 ao
2758 2032 2866 2098 Se.
2906 2033 3198 2096 Galeottii

604 2136 776 2217 διον.)
819 2154 851 2200 a
889 2135 1021 2196 Sel.
1067 2137 1448 2204 Kraussiana
1497 2137 1784 2200 ciliarum
1832 2131 2160 2200 structura
2190 2133 2242 2217 (a
2290 2135 2372 2198 cl.
2420 2135 2841 2217 monographo
2885 2135 3191 2220 neglecta)

604 2239 859 2304 omnino
921 2239 1304 2319 discrepant.
1392 2239 1700 2304 Denticuli
1764 2241 1826 2300 in
1892 2239 2173 2318 margine
2235 2237 2524 2304 foliorum
2583 2240 2722 2304 Set·
2782 2242 3198 2304 Kraussianae

602 2352 967 2410 constanter
1008 2343 1454 2410 unioellulares
1497 2353 1681 2422 sunt,
1748 2342 1997 2422 apicula
2039 2340 2236 2407 denso
2281 2343 2564 2430 cellulam
2615 2342 2959 2408 secundam
3008 2363 3200 2407 men-

603 2446 797 2510 tiente
828 2449 1144 2526 superam
1194 2448 1378 2512 ciliae
1422 2466 1600 2526 vero,
1652 2465 1817 2528 quaa
1860 2446 1924 2508 in
1957 2454 2137 2525 parte
2180 2444 2438 2512 basilari
2472 2457 2535 2510 et
2576 2448 2880 2513 auriculis
2910 2446 3196 2512 foliorum

602 2550 733 2613 Sel.
774 2550 1067 2618 mnioidis
1112 2559 1178 2616 et
1204 2550 1486 2614 affinium
1523 2551 1961 2630 reperiuntur,
2021 2568 2236 2616 revera
2271 2570 2305 2611 e
2337 2550 2582 2615 cellulis
2615 2550 2906 2632 pluribus
2946 2552 3005 2636 (3
3029 2586 3104 2602 «-
3127 2552 3188 2637 8)

604 2654 1023 2735 superpositis
1069 2663 1133 2716 et
1178 2654 1493 2733 elongatis
1536 2662 2003 2733 componuntur
2043 2651 2131 2735 (A.
2171 2653 2280 2716 ΒΥ.
2321 2654 2383 2718 in
2419 2651 2613 2720 indic.
2653 2656 2821 2718 Sem.
2858 2655 3018 2736 hort.
3055 2676 3191 2737 reg.

606 2757 807 2821 aemi.
848 2757 1012 2822 4859
1046 2773 1187 2835 pag.
1222 2755 1353 2833 23).
1395 2790 1471 2806 --
1510 2756 2031 2838 Confersprz'w,
2081 2758 2522 2837 Monographie
2553 2754 2665 2821 des
2695 2760 3197 2841 Lycopodiacees

605 2860 666 2924 in
702 2860 978 2926 uemosr.
1016 2858 1096 2924 de
1129 2857 1468 2925 l’Academ.
1512 2862 1721 2942 royale
1753 2858 1869 2924 des
1902 2861 2211 2926 Soiences.
2249 2862 2317 2928 Τ.
2351 2862 2564 2926 XXlV.
2614 2860 2660 2941 (l
2675 2862 2821 2946 850)
2862 2882 3004 2946 pag.
3042 2866 3191 2927 223.
3218 2923 3238 2946 ‚

607 2999 686 3010 —-
719 2962 1105 3043 Completam
1150 2963 1475 3029 historiam
1518 2982 1554 3024 a
1600 2964 1681 3025 cl.
1716 2959 1791 3030 A.
1827 2965 2049 3028 Brauon
2092 2962 2477 3045 descriptam
2512 2965 2919 3046 selaginellae
2951 2968 3198 3032 Kraus-

600 3067 818 3132 sianae
865 3066 1008 3136 vide
1053 3070 1118 3131 in
1161 3067 1546 3134 Monatsber.
1595 3066 1732 3155 Kgl.
1783 3065 1989 3134 Akad.
2041 3067 2578 3136 wissenschaften
2623 3069 2689 3132 in
2740 3069 2945 3133 Berlin
3001 3071 3189 3132 4865.

604 3170 708 3236 27.
745 3169 942 3251 April.
982 3190 1047 3250 p,
1093 3173 1232 3236 195.
1270 3207 1358 3222 --
1400 3173 1636 3240 Forsan
1672 3171 1944 3242 varietas
1992 3171 2408 3252 selaginellaa
2450 3169 2743 3237 maioidis
2776 3172 3066 3237 habenda
3101 3183 3199 3236 est

603 3271 954 3335 secundum
987 3274 1066 3336 cl.
1103 3269 1178 3335 Α.
1214 3275 1431 3335 Braun
1463 3276 1530 3337 S.
1571 3273 1997 3356 macrophylla
2030 3271 2104 3338 Α.
2142 3276 2253 3337 Br.
2291 3295 2326 3345 e
2356 3276 2589 3342 Bolivia
2630 3274 3034 3361 (d’Orbiyny).

1462 3585 1764 3666 Subordo
1800 3585 1931 3664 111.
2002 3548 2331 3664 Iacetaae.

771 3775 977 3856 Bam.
1018 3794 1196 3858 ord.
1234 3804 1389 3858 nat.
1428 3814 1495 3875 p.
1537 3796 1615 3855 ⁴6
1658 3793 1900 3878 (¹830).

773 3898 1030 3959 Plantae
1090 3917 1401 3980 perennes
1457 3908 1793 3961 terrestres
1842 3899 1886 3962 l.
1933 3902 2261 3982 aquaticae
2315 3918 2523 3965 comno
2570 3899 2866 3966 tuberose
2918 3910 2982 3964 et
3029 3900 3195 3963 foliis

600 4001 940 4083 gramineis
971 4003 1335 4066 instructae.

772 4107 1067 4172 Cormum
1100 4124 1380 4187 superne
1412 4105 1618 4170 medio
1642 4107 1902 4189 paulum
1926 4116 2291 4172 excavatum
2322 4110 2485 4172 -1--2
2512 4110 2675 4176 sulci
2701 4106 3195 4191 longitudinales

596 4221 1008 4298 percurrunt,
1069 4209 1240 4275 unde
1285 4210 1407 4272 lobi
1458 4209 1619 4272 2-4
1667 4212 1976 4273 existunt.
2057 4209 2321 4273 Radices
2379 4211 3072 4298 dichotome-mbmosae
3128 4214 3192 4275 in

597 4313 735 4380 basi
769 4316 965 4380 carmi
1010 4322 1078 4378 et
1123 4310 1476 4380 secundum
1528 4314 1740 4378 sulcos
1790 4313 2122 4395 sedentes,
2176 4316 2560 4380 novissimae
2603 4318 2940 4380 centrales.
3025 4306 3191 4378 Folia

596 4418 919 4498 spiraliter
964 4417 1306 4499 disposita,
1375 4407 1537 4480 nova
1580 4438 1615 4482 e
1662 4417 1869 4481 medio
1918 4438 2125 4482 cormo
2180 4419 2465 4484 orientia.
2542 4421 2724 4484 Basis
2783 4420 3070 4483 foliorum
3126 4422 3193 4483 in

598 4522 887 4601 ,vaginam
935 4522 1122 4587 latam
1158 4518 1477 4587 dilatatur.
1556 4523 1928 4590 Immersum
1973 4531 2071 4586 est
2114 4525 2521 4605 sporangium
2568 4523 2715 4609 huic
2759 4510 3021 4606 vaginae
3063 4525 3198 4587 cb-

594 4625 846 4705 longum
868 4672 901 4703 ,,
930 4624 1480 4690 membranaceum
1501 4671 1519 4703 ‚
1570 4644 1603 4688 a
1636 4633 1812 4704 tergo
1843 4624 1987 4688 folio
2017 4624 2360 4708 adnatum,
2411 4627 2575 4690 eirca
2611 4627 2881 4710 liberum
2903 4675 2919 4708 ‚
2969 4629 3031 4691 in
3064 4647 3197 4710 quo

593 4726 698 4788 fila
762 4726 1169 4812 horizontalia
1229 4726 1534 4793 lateribus
1594 4729 1777 4796 affixa
1846 4730 2276 4794 inveniuntur.
2386 4731 2690 4813 Margines
2761 4732 3007 4814 foveae,
3090 4734 3200 4795 cui
