3509 5267
1407 243 1786 308 ..osmmdm
1854 265 1861 276 ·
2662 281 2677 291 -
2811 233 2933 303 177

507 417 572 482 3.
593 417 1074 480 acuminata
1118 414 1324 481 Made.

505 519 808 583 Pinnulae
840 520 1077 582 sensim
1109 525 1483 600 angustatae
1517 518 1936 581 acuminatae.
2003 518 2247 580 Rarior.
2311 518 2557 580 Silesia.

469 651 474 660 ·
511 625 573 685 4.
625 622 928 705 pumila
971 621 1182 685 Milde.

435 755 447 764 ·
505 728 746 789 Folium
767 724 831 811 f
857 725 1081 802 altum,
1109 725 1484 788 flavescens.
1534 724 1771 785 Pinnae
1794 724 2040 786 steriles
2065 724 2150 784 3-
2164 725 2375 806 jugae,
2396 743 2439 785 .e
2458 722 2740 807 pinnulis
2766 721 2934 785 7--8
2970 791 2981 812 .

324 831 500 912 jugis
529 831 933 911 compositae.
997 828 1302 891 Pinnulae
1337 828 1533 890 to——l
1551 824 1652 889 5'''
1686 827 1928 908 longae,
1985 826 2218 889 3—-4'''
2252 831 2434 890 latae.
2496 827 2741 901 Quavis
2772 845 2936 888 anno

333 933 617 995 rediens,
667 932 917 994 Silesia.
963 931 1390 994 ‘Sommerfeld
1424 932 1767 1010 marchiae3
1800 931 2115 994 Bellericb
2144 951 2343 1013 prope
2360 932 2930 1007 Treuenbrietzeng
3030 986 3037 991 .

334 1034 785 1116 Estremadura
828 1034 1064 1117 (Welw.
1107 1036 1194 1097 Fl.
1232 1035 1407 1097 lusit.
1448 1033 1839 1118 4848-50).

512 1139 574 1201 5..
624 1139 1088 1214 interrupta
1133 1137 1338 1200 Milde.
1505 1126 1518 1141 ’

351 1303 357 1308 .
511 1243 815 1322 Superior
858 1248 923 1303 et
964 1240 1223 1303 inferior
1265 1240 1539 1303 laminae
1579 1257 1732 1321 pars
1779 1242 2049 1320 sterilis3
2099 1243 2337 1307 Pinnae
2381 1239 2624 1304 mediae
2664 1241 2939 1304 laminae

335 1343 603 1423 fertiles,
641 1344 855 1406 4--4-
876 1343 1090 1424 iugae.
1157 1342 1415 1422 Silesia3
1456 1345 1750 1424 Berolini3
1789 1346 2012 1408 Dania.

509 1448 689 1511 leon.
754 1447 930 1509 Flora
964 1444 1115 1509 dan.
1150 1455 1200 1510 t.
1239 1449 1386 1511 247.

512 1549 803 1612 Annulus
836 1551 1156 1631 sporangii
1187 1550 1579 1633 flavescens,
1619 1553 1786 1614 3-4
1820 1551 2081 1616 cellulas
2113 1553 2302 1633 altus,
2345 1554 2425 1615 40
2455 1553 2717 1616 cellulas
2749 1554 2936 1616 latus.

336 1656 526 1717 Juxta
570 1655 793 1716 rimam
842 1654 1139 1736 utrinque
1185 1655 1350 1718 2-3
1386 1645 1583 1718 s'eries
1629 1657 1999 1719 cellularum
2041 1657 2229 1736 triplo
2267 1659 2701 1737 angustiorum
2745 1676 2936 1738 quam

340 1752 634 1837 mediae,
664 1757 1062 1837 hexagonae,
1099 1758 1327 1820 leviter
1355 1760 1780 1838 incrassatae,
1818 1769 1885 1821 at
1912 1761 2019 1821 vix
2052 1758 2400 1822 breviores.

512 1857 858 1940 Sporan‘gia
893 1859 1255 1942 pedunculo
1287 1860 1495 1925 valido
1525 1881 1651 1925 non
1684 1863 1888 1925 solum
1921 1847 2170 1941 nervis,
2209 1860 2323 1925 sed
2355 1862 2541 1930 etiam
2574 1862 2938 1944 parenchy-

341 1963 489 2024 mati
523 1963 826 2044 pinnulae
857 1960 1157 2045 insident,
1197 1982 1389 2047 saepe
1421 1985 1546 2030 non
1578 1967 1781 2029 solum
1814 1969 2080 2049 paginae
2110 1966 2413 2047 inferiori,
2451 1962 2567 2029 sed
2596 1969 2784 2028 etiam
2819 1985 2939 2028 su·-

342 2067 596 2148 periori.
1871 2085 1876 2090 ·
2453 2151 2456 2156 ἢ

512 2171 804 2232 Rhizoma
848 2167 930 2233 3''
962 2190 1284 2250 crassum,
1336 2168 1417 2233 9''
1459 2173 1751 2255 longum,
1803 2173 2075 2255 petiolus
2111 2170 2343 2257 l—-lf
2389 2174 2651 2253 longus3
2701 2172 2843 2234 folia
2882 2170 2939 2233 6'

341 2273 522 2353 longa
544 2322 559 2352 ,
612 2273 985 2356 plerumque
1016 2275 1307 2337 breviora
1329 2323 1344 2354 ,
1384 2277 1551 2362 ultra
1589 2275 1645 2338 4’
1678 2278 1837 2353 lata,
1885 2285 2091 2340 erecta
2122 2276 2166 2337 l.
2204 2277 2563 2348 suberecta.
2630 2277 2942 2356 Segmen-

339 2385 472 2438 tum
509 2378 842 2440 terminale
874 2376 1000 2440 folii
1031 2378 1399 2444 decurrens.
1467 2382 1701 2462 Pinnae
1734 2382 1934 2458 7—-9-
1969 2380 2180 2460 jugae,
2215 2377 2408 2465 ᾖ-ἵ
2441 2380 2689 2460 longae,
2727 2376 2939 2446 2-—.3''

341 2482 536 2557 latae,
588 2481 869 2542 breviter
901 2483 1269 2564 petiolatae,
1318 2484 1464 2565 plus
1498 2486 1709 2546 minus
1739 2485 1876 2564 laxe
1921 2483 2298 2576 dispositaej
2352 2483 2653 2564 pinnulae
2685 2484 2841 2548 5-4
2860 2486 2942 2546 4-

333 2586 551 2664 jugae,
585 2580 793 2645 4-3”
818 2585 1059 2664 longae,
1097 2584 1367 2670 43-70'
1401 2588 1588 2668 latae,
1626 2589 1770 2668 plus
1795 2590 2008 2675 minus
2036 2588 2531 2668 approximatae,
2570 2588 2776 2650 rarius
2801 2586 2942 2647 laxe
3044 2603 3063 2616 ⁸

340 2687 711 2769 dispositae.
770 2688 1060 2750 Infimum
1080 2689 1299 2771 jugum
1323 2691 1369 2751 Ι.
1401 2691 1476 2752 Ο.
1514 2692 1796 2772 proximo
1829 2692 2086 2780 paulum
2117 2692 2399 2760 brevius,
2456 2689 2555 2754 Ad
2578 2690 2762 2753 basin
2786 2692 2944 2771 pin—

339 2808 570 2852 narum
605 2790 1006 2871 saepissime,
1060 2800 1131 2854 ut
1168 2794 1235 2854 in
1281 2794 1510 2874 petiolo
1556 2799 1899 2857 stramineo
1949 2795 2087 2874 basi
2135 2794 2455 2856 alaeformi
2500 2793 2757 2856 dilatato
2802 2795 2943 2876 glo-

340 2885 570 2956 meruli
603 2894 866 2955 tomenti
909 2897 1162 2977 stuppei
1195 2896 1646 2974 observantur3
1695 2900 1914 2979 paleae
1961 2917 2085 2959 non
2118 2898 2319 2959 solum
2355 2895 2700 2959 Osmundis
2732 2898 2947 2958 omni—

340 2995 488 3077 buS,
529 2994 645 3058 sed
674 2996 862 3058 etiam
896 2998 1138 3061 Todeae
1168 3010 1232 3061 et
1267 2999 1695 3080 Leptopteridi
1730 2998 1986 3063 desunt.
2055 3002 2143 3061 Ex
2174 2999 2313 3061 basi
2349 3000 2752 3080 pinnularum
2787 3007 2850 3059 et
2878 3000 2943 3060 in

338 3100 489 3163 folio
521 3101 845 3180 superiore
875 3119 956 3162 ex
986 3101 1124 3164 basi
1156 3103 1494 3183 pinnarum
1540 3103 1636 3165 ala
1669 3104 2119 3184 angustissima
2165 3090 2390 3164 viridis
2429 3103 2494 3164 in
2528 3103 2766 3165 rachim
2801 3103 2945 3180 pri-‚-

341 3204 608 3265 mariam
640 3212 705 3265 et
736 3203 959 3265 racbes
991 3204 1403 3267 secundariae
1435 3208 1732 3268 continua
1768 3206 2071 3269 decurrit.
2137 3207 2374 3287 Sporae
2405 3187 2739 3284 maximae,
2781 3207 2948 3267 sub-

340 3308 742 3389 spinulosae,
793 3306 1109 3387 pallidae,
1138 3291 1367 3372 ssmedio
1400 3307 1660 3372 virideS.
1725 3310 1836 3371 Ille
1880 3310 2265 3390 glomerulus
2298 3308 2517 3370 viridis
2547 3329 2722 3387 mox,
2775 3318 2849 3368 ut
2879 3310 2941 3367 in

340 3413 552 3491 sporis
582 3410 1062 3492 Equisetorum,
1098 3411 1389 3491 pallescit
1420 3422 1483 3473 et
1512 3395 1698 3490 spera
1732 3412 2089 3474 facultatem
2121 3410 2518 3493 germinandi
2553 3407 2853 3491 perdidit.

519 3513 707 3575 Foliis
738 3514 1062 3576 sterilibus
1093 3515 1376 3576 immixta
1408 3523 1559 3577 sunt
1589 3513 1725 3575 sine
1757 3515 1894 3595 lege
1926 3524 2090 3575 certa
2128 3514 2422 3576 nonnulla
2459 3511 2682 3574 fertilia
2710 3559 2724 3589 ,
2764 3513 2944 3572 co'm-

340 3618 552 3699 posita
583 3634 619 3678 e
649 3616 817 3678 2-4
851 3618 1063 3697 pinnis
1095 3615 1421 3680 sterilibus
1452 3626 1516 3678 et
1545 3619 1712 3679 6--9
1744 3618 1959 3697 pinnis
1997 3605 2333 3680 fertilibus.
2401 3615 2536 3676 Sori
2569 3615 2945 3695 glomerulos

341 3717 587 3797 nudos,
637 3739 672 3781 e
704 3722 1058 3803 sporangiis
1088 3723 1443 3784 numerosis
1476 3721 1855 3802 compositos
1888 3722 2156 3799 sistunt,
2208 3718 2317 3799 qui
2349 3717 2513 3779 inter
2528 3737 2604 3779 se
2638 3719 2945 3799 approxi-

345 3817 520 3885 mati‘
550 3824 618 3884 in
670 3825 886 3886 nervis
928 3826 1230 3888 tertiariis
1274 3823 1606 3903 sedentes,
1660 3824 1844 3903 juxta
1899 3832 2135 3885 costam
2190 3822 2600 3904 pinnularum
2656 3822 2945 3903 dispositi

343 3936 527 3999 sunt3
574 3929 947 4006 saepissime
978 3937 1187 3990 autem
1220 3928 1851 3991 haectransmutatio
1885 3927 2259 4007 incompleta
2295 3921 2608 4002 remanet,
2648 3917 2950 4006 praeser-

342 4030 456 4092 tim
489 4029 573 4092 ad
617 4029 800 4093 basin
845 4031 1177 4114 paniculae
1210 4031 1591 4095 fructiferae.
1659 4033 1726 4093 In
1773 4031 2138 4111 regionibus
2180 4032 2440 4111 tropicis
2483 4029 2674 4091 forma
2722 4030 2951 4090 obser—

346 4141 553 4213 vatur,
587 4134 770 4213 cujus
803 4134 947 4196 folia
982 4136 1180 4197 altera
1215 4135 1470 4197 omnino
1502 4133 1750 4212 fertilia,
1793 4133 1986 4194 altera
2016 4135 2267 4195 omnino
2302 4133 2537 4195 sterilia
2571 4138 2740 4209 sunt,
2781 4140 2851 4191 ut
2884 4119 2947 4190 in

344 4235 521 4300 India
545 4286 561 4318 ,
602 4238 824 4319 Capite
855 4238 1057 4301 bonae
1087 4240 1256 4320 spei,
1305 4237 1535 4324 (Dreye)
1578 4246 1640 4298 et
1668 4234 1750 4298 ad
1784 4243 1947 4317 port.
2013 4236 2187 4297 Natal
2233 4233 2628 4316 (Gueinzz‘us).

517 4325 779 4404 Exsice.
842 4343 1019 4405 Billot
1052 4344 1197 4404 494.
1234 4378 1319 4389 --
1361 4339 1625 4404 Rabenh.
1669 4342 1770 4402 40.
1812 4374 1890 4384 -
1937 4338 2188 4401 Breutel
2220 4340 2365 4399 300.
2406 4371 2482 4381 -
2533 4337 2750 4416 Crypt.
2789 4332 2944 4395 Bad.

343 4444 495 4506 280.
539 4479 620 4491 --
659 4446 846 4506 Herb.
884 4443 1111 4508 nordd.
1155 4442 1260 4509 ΡΗ.
1299 4448 1404 4509 24.
1444 4480 1521 4491 -
1562 4443 1832 4506 Thomas.
1895 4439 2257 4503 Schleicher.
2316 4433 2598 4502 Desmaz.
2645 4439 2832 4500 4500.
2863 4472 2947 4482 -

342 4549 584 4626 Duriett
614 4549 700 4611 Pl.
750 4549 864 4611 sel.
918 4552 1038 4612 447
1076 4584 1153 4596 —
1202 4550 1412 4611 Nestl.⁴
1444 4555 1507 4608 et
1546 4547 1748 4629 Mouy.
1800 4546 1946 4607 204.
1985 4580 2068 4589 -
2116 4545 2182 4604 F.
2222 4533 2473 4604 Schultz
2509 4543 2615 4604 95:
2649 4575 2732 4588 --
2779 4542 2951 4603 Fries

342 4651 540 4714 Herb.
578 4670 781 4713 norm.
819 4651 946 4713 xn.
986 4651 1089 4713 98.
1120 4687 1203 4699 -—
1243 4639 1575 4714 Willkomm
1607 4645 1684 4711 lt.
1725 4650 1890 4732 bisp.
1921 4649 1991 4709 ll.
2027 4648 2172 4708 583.
2202 4680 2288 4690 —-
2324 4643 2547 4748 Welw.v
2569 4643 2743 4707 Flora
2771 4645 2944 4706 lusit.

341 4789 431 4803 --—
462 4754 656 4817 Ehrle.
698 4755 801 4818 42.
842 4756 989 4816 440.

484 4870 691 4921 uuae,
719 4869 902 4913 Filio-n.
1073 4903 1092 4912 -
1940 4919 1955 4940 .
2262 4927 2265 4930 Δ
2475 4868 2535 4918 12
